4084 6000
1041 625 1118 700 194

442 841 569 915 Ι)ο1111
587 840 707 913 blatta
725 837 858 937 opibus
876 838 1031 930 nostris,
1050 847 1088 910 et
1105 837 1206 912 tinea
1222 851 1398 940 regnant,

441 945 526 1037 Qua
544 948 742 1020 tenebrosa
760 944 851 1018 seris
869 945 1037 1044 captivas
1055 945 1193 1019 scrinia
1211 948 1396 1043 condunt3

441 1052 634 1144 Quantum
653 1063 733 1127 erat
751 1052 845 1126 heu!
863 1052 981 1127 nostri
1000 1051 1180 1146 studium,
1194 1077 1313 1148 quam
1332 1065 1436 1129 certa
1455 1054 1608 1153 cupido!

440 1160 548 1235 Nunc
566 1161 708 1234 virtute
726 1183 810 1234 mea
828 1159 915 1252 late,
934 1159 1115 1254 cultuque
1133 1160 1273 1251 beatis,

443 1267 603 1342 Sordent
620 1267 751 1342 Matris
770 1291 858 1366 opes
877 1275 998 1360 notae,
1017 1267 1272 1362 miserumque
1291 1267 1418 1342 subire

441 1375 624 1474 Cogimur
641 1373 831 1448 exsilium.
855 1417 899 1428 -
921 1375 1129 1448 Funestum
1148 1374 1259 1448 sortis
1277 1375 1429 1470 iniquae

440 1482 578 1557 Casum
597 1483 675 1556 sola
695 1481 849 1577 quidem
867 1481 1046 1556 miserata
1063 1492 1121 1554 est
1138 1481 1293 1557 Hunnia
1310 1481 1458 1557 blandis

439 1590 499 1666 Me
518 1614 688 1664 recreans
706 1589 845 1682 verbis,
865 1599 902 1662 et
920 1614 1046 1685 seque,
1063 1587 1255 1684 fidemque
1272 1613 1474 1688 perennem

435 1696 562 1781 ¹Sacris
581 1695 731 1770 addixit
748 1696 905 1770 nostris:
929 1697 1066 1790 „Soror
1083 1697 1183 1770 alma
1201 1697 1346 1790 venito,

440 1804 588 1896 DicenS,
608 1814 645 1878 et
662 1799 812 1878 mecum
830 1815 1009 1878 venturos
1027 1803 1141 1902 exige
1160 1804 1266 1878 soles.

441 1913 581 1987 Tecum
599 1911 749 2012 relligio
768 1935 890 1983 mores
908 1911 1040 1986 divina
1058 1911 1228 1985 domabit

440 2019 619 2111 Beflaees,
639 2029 676 2092 et
694 2017 766 2092 erit
784 2029 950 2092 nostram
969 2016 1130 2091 solidare
1148 2018 1310 2092 salutem

439 2128 538 2203 Cura
555 2126 645 2224 tibi3
664 2126 767 2227 leges
787 2125 937 2216 scribeS,
956 2135 994 2199 et
1012 2125 1097 2199 iura
1114 2126 1270 2199 beandis

439 2233 582 2333 Arpadi
599 2232 769 2332 populis,
787 2242 825 2305 te
845 2232 961 2324 curia,
979 2243 1091 2328 teque
1110 2242 1260 2324 senatus

439 2342 626 2436 Sacraque
645 2365 840 2414 musarum
858 2351 1040 2438 repetent,
1058 2350 1230 2434 artesque
1247 2339 1451 2414 Minervae.

439 2451 497 2525 Tu
515 2473 665 2544 quoque
682 2445 851 2521 verbosis
869 2443 964 2520 felix
983 2442 1225 2522 dominabere
1243 2446 1390 2539 rostriS,
1448 2461 1451 2466 ’

437 2555 687 2651 Conciliisque
697 2567 857 2654 patrum
875 2554 1038 2652 patriae,
1056 2567 1373 2650 monumentaque
1392 2555 1503 2628 docta

436 2662 609 2739 Aeternis
627 2663 812 2763 signanda
831 2661 949 2754 notis,
968 2672 1037 2735 tua
1054 2661 1211 2735 numina
1229 2686 1365 2760 poscen
1383 2666 1416 2736 .“

440 2772 535 2847 Sunt
553 2781 636 2844 rata
655 2770 766 2854 dicta.
786 2768 932 2843 Dehinc
951 2769 1195 2864 quantumvis
1213 2767 1359 2867 perfida
1377 2769 1484 2849 nobis

436 2880 570 2978 Regna
589 2902 677 2950 suae
695 2876 851 2976 linguae
870 2877 1046 2949 studeant
1063 2875 1207 2976 magis:
1227 2901 1304 2950 una
1320 2875 1444 2950 fidelis

438 2986 593 3061 Hunnia
610 2984 770 3084 pulchra
788 2983 885 3057 mihi
903 2993 979 3058 est:
997 2982 1098 3083 parit
1115 2983 1182 3057 illa
1200 2983 1364 3058 celebres

439 3093 678 3184 Verbbczios,
696 3092 864 3167 Katonas
883 3094 1024 3183 doctos,
1043 3092 1268 3186 Palmasque
1286 3092 1458 3182 disertos,

440 3201 575 3277 Codice
594 3200 782 3301 Fejerium
801 3198 923 3296 patrio
942 3224 1055 3297 super
1074 3197 1225 3273 aethera
1243 3210 1386 3274 notum.

439 3307 516 3382 Nec
535 3305 769 3382 Constantini
787 3308 924 3379 desunt
941 3304 1055 3397 mihi,
1072 3305 1285 3407 Pallyaque
1303 3306 1428 3380 clarus

441 3413 623 3509 EloquiiS,
642 3413 846 3507 suavisque
863 3412 993 3504 Mallo,
1007 3438 1186 3488 romanus
1205 3424 1242 3486 et
1258 3413 1374 3488 Arcas

439 3520 647 3613 Hannulik,
666 3519 819 3594 etmihi
838 3544 931 3614 quos
950 3545 1025 3593 non
1045 3529 1100 3593 est
1118 3544 1327 3612 numerare.
1346 3520 1531 3596 Perennes

440 3630 513 3704 Hie
532 3628 682 3727 cupiam
699 3628 804 3729 sedes
823 3626 919 3701 mihi
936 3625 1075 3726 figere,
1094 3638 1292 3723 castraque
1309 3637 1444 3702 cuncta

438 3737 632 3813 Musarum
650 3736 726 3809 huc
744 3746 917 3830 artesque
935 3733 1051 3808 velim
1068 3734 1303 3830 Romamque
1321 3734 1499 3834 migrare.

547 3843 606 3918 Sic
625 3868 716 3942 ego,
737 3841 815 3916 fata
832 3841 954 3917 aliter.
973 3841 1171 3934 Certatim,
1190 3853 1303 3937 atque
1322 3840 1473 3941 agmine
1492 3850 1574 3914 toto

440 3951 647 4051 Hungarus
664 3949 829 4049 insurgit
847 3948 987 4042 servor,
1004 3948 1198 4044 veterique
1216 3959 1431 4048 gementem

440 4057 670 4157 Praecipitat
687 4057 798 4131 solio:
819 4082 893 4131 non
912 4057 1142 4130 demeruisse
1160 4066 1351 4148 ruentem,

439 4166 515 4242 Nec
534 4166 715 4240 meruisse
733 4164 842 4238 iuvat
859 4159 1089 4259 quidquam:
1108 4162 1204 4237 mihi
1222 4163 1307 4237 iura
1324 4172 1513 4263 negantur

440 4272 615 4365 Pristina,
634 4295 795 4366 cumque
813 4270 890 4345 illis
908 4270 1021 4369 primi
1039 4271 1226 4344 tolluntur
1243 4270 1415 4345 honores.

351 4393 354 4403 ’
439 4383 640 4455 Arctamur
657 4380 791 4478 magis,
809 4389 923 4473 atque
941 4376 1082 4477 magis:
1102 4379 1223 4476 pudor
1239 4402 1360 4473 usque
1376 4376 1529 4453 videtur

442 4488 570 4563 Thura
587 4486 695 4561 litare
713 4485 830 4577 mihi,
848 4484 1042 4579 solitisque
1060 4482 1236 4558 inducere
1254 4486 1363 4559 sertis

441 4596 535 4671 Aras
554 4594 738 4669 Maiorum
758 4592 898 4692 positas
916 4592 1077 4690 pietate3
1094 4605 1275 4666 recusant.

439 4702 659 4797 Alloquium
676 4700 814 4799 passim
833 4709 1020 4795 nostrum,
1039 4697 1132 4794 quin
1149 4723 1258 4798 saepe
1275 4697 1431 4772 trisulca

441 4812 484 4885 In
503 4818 628 4907 caput,
645 4808 760 4904 inque
777 4831 897 4909 genus
916 4816 1087 4880 nostrum
1106 4805 1215 4901 quasi
1233 4804 1393 4881 fulmina
1410 4802 1584 4879 vibrant:

440 4916 593 5010 „Saecla
610 4912 687 4989 fere
705 4916 838 5007 decies,
855 4924 1077 5007 memorant,
1093 4912 1254 5011 repetita
1270 4921 1482 5002 recurrunt,

430 5016 498 5100 'Tu
515 5033 643 5097 tamen
660 5046 778 5119 usque
796 5022 887 5122 iugo
905 5034 1033 5097 teneas
1050 5020 1188 5111 (scelus
1200 5020 1228 5109 l)
1245 5018 1421 5119 hungara
1437 5017 1563 5092 colla?
