4084 6000
1021 501 1071 576 42

467 715 709 790 Praesulibus
725 716 855 792 multis
873 717 995 792 virtus
1014 739 1111 811 quae
1130 737 1256 815 sparsa
1275 716 1416 794 relucet
1475 735 1478 740 '

571 823 760 916 Maxima,
779 825 818 897 in
836 823 910 898 hec
926 823 1027 897 vires
1047 823 1169 896 exerit
1187 823 1254 896 illa
1273 844 1369 902 suas,

466 932 594 1012 Ardua
612 930 665 1003 sic
684 933 819 1005 cedrus
836 933 1009 1029 platanos
1028 955 1140 1028 super
1158 930 1297 1004 eminet
1316 931 1431 1024 altas,

465 1123 471 1136 ,
571 1037 631 1112 Sic
651 1038 776 1124 rutilis
794 1037 915 1113 vincis
934 1038 1077 1128 sidera,
1098 1037 1272 1128 Phoebe,
1292 1038 1420 1112 comis.

465 1143 559 1234 Quis
578 1143 727 1217 dubitet
745 1142 888 1226 famam
905 1147 991 1245 plus
1010 1169 1133 1239 aequo
1151 1169 1261 1242 saepe
1280 1145 1490 1220 disertam?

569 1251 641 1324 Illa
658 1261 805 1326 tamen:
825 1253 965 1327 lassant
982 1277 1043 1325 me
1060 1262 1145 1325 tua
1165 1249 1285 1343 facta,
1304 1250 1428 1326 refert.

465 1355 650 1448 Quamvis
669 1362 800 1434 crebra
817 1361 921 1434 volet
938 1359 1130 1435 celebrans
1147 1370 1232 1433 tua
1249 1359 1423 1452 nomina,
1441 1361 1591 1458 praesul

569 1465 698 1560 Usque
716 1467 819 1542 dolet
836 1467 937 1541 iusto
956 1492 995 1541 se
1015 1466 1204 1540 celebrare
1222 1466 1359 1542 minus.

464 1572 609 1663 Aurea,
628 1597 703 1669 qua
721 1575 897 1666 excellit,
914 1575 1114 1673 prohibere
1134 1573 1317 1648 modestia
1335 1571 1475 1650 frustra

568 1678 713 1753 Nititur
732 1681 851 1756 hanc:
870 1681 993 1756 virtus
1012 1692 1068 1756 est
1087 1691 1173 1754 tua
1190 1680 1420 1756 notanimis.
1519 1707 1523 1714 ·

464 1784 557 1878 Quis
576 1787 650 1860 late
669 1790 841 1862 flammas
858 1789 997 1887 peterit
1015 1789 1135 1862 celare
1155 1788 1365 1862 micantes?

528 1973 532 1980 ,
567 1895 738 1994 Fulgura
755 1896 870 1970 missa
888 1896 1003 1981 semel
1022 1895 1107 1992 quis
1124 1920 1300 1970 revenere
1319 1898 1462 1991 queat?

426 2040 428 2045 v
463 2001 580 2100 Agria
599 2001 758 2094 flevisti,
776 2003 917 2078 flevisti
935 2003 1114 2096 Claudia,
1131 2013 1281 2077 tantum

568 2109 623 2184 De
641 2110 787 2210 gremio
807 2137 960 2186 cernens
979 2111 1082 2184 sidus
1101 2110 1205 2185 abire
1224 2120 1320 2184 tue.

464 2214 674 2290 Occiduum
693 2219 868 2312 quamvis
887 2219 1005 2310 selem
1022 2241 1101 2292 nox
1120 2228 1203 2290 atra
1220 2227 1420 2313 sequatur,

568 2322 651 2397 Non
669 2325 796 2400 subite
815 2326 909 2400 coeli
927 2327 1072 2420 luxque
1092 2327 1268 2420 calorque
1288 2323 1410 2424 fugit3

464 2429 564 2521 Quin
584 2442 732 2523 manet,
750 2444 864 2529 atque
883 2433 950 2507 diu
969 2457 1142 2506 croceum
1161 2432 1320 2506 mentita
1338 2435 1500 2511 colorem

569 2538 790 2613 Caeruleum
809 2539 934 2639 pingit
949 2541 1042 2631 lux,
1060 2539 1166 2638 prius
1185 2540 1332 2637 ampla,
1349 2541 1499 2638 polum:

463 2644 643 2719 Munifiee
661 2647 802 2745 pariter
819 2647 981 2721 renitent
1000 2646 1163 2749 vestigia
1182 2649 1358 2738 dextrae,

568 2755 745 2845 Praesul‚
764 2754 832 2829 ubi
850 2754 1004 2854 augusti
1024 2753 1155 2828 sideris
1174 2755 1292 2828 instar
1309 2779 1400 2827 eras.

463 2859 565 2950 Quot
583 2861 720 2934 viduae
739 2870 777 2934 et
795 2862 922 2936 miseri
940 2872 1151 2936 memorant
1169 2862 1269 2935 mala
1288 2862 1396 2935 sortis
1416 2861 1568 2958 iniquae

568 2967 734 3044 Grandia
752 2970 945 3068 supposita
963 2980 1011 3045 te
1030 2970 1214 3045 relevasse
1233 2969 1366 3044 manul

462 3076 617 3175 Templa
636 3085 729 3172 quet
746 3088 860 3173 atque
878 3102 984 3169 arae,
1003 3088 1096 3174 quot
1114 3102 1379 3172 sacrorumque
1398 3076 1562 3150 ministri

567 3183 707 3287 Tantae
725 3184 881 3259 virtutis
899 3195 987 3258 sunt
1005 3194 1251 3259 monumenta
1268 3184 1402 3258 tuael
1492 3246 1494 3253 ,

462 3289 565 3363 Haec
583 3291 735 3389 te'plus
755 3292 886 3391 positis
903 3290 1053 3384 fumosa
1071 3317 1138 3390 per
1157 3292 1253 3364 atria
1271 3290 1384 3382 ceris,

566 3398 657 3472 Plus
677 3425 814 3499 genere
833 3410 946 3494 atque
965 3400 1042 3472 alte
1061 3408 1258 3472 stemmate
1277 3396 1415 3496 quippe
1434 3396 1579 3471 iuvant.

463 3504 563 3596 Quid
580 3505 652 3580 tibi
671 3507 858 3581 divitiae?
879 3505 971 3602 quid
990 3514 1324 3605 opumcengestus
1343 3506 1530 3582 acervus?

566 3607 608 3687 'si
627 3623 756 3713 gemat
774 3612 980 3687 innumeris
999 3612 1102 3709 plebs
1121 3612 1185 3711 pia
1203 3637 1329 3711 pressa
1347 3613 1468 3687 malis.

465 3719 523 3793 Sic
542 3720 679 3795 animis
696 3721 818 3795 maior
835 3720 1011 3793 mortalia
1029 3729 1196 3793 temnere
1213 3730 1322 3815 vota3
1353 3762 1355 3767 ·

569 3826 726 3902 Aemula
744 3826 796 3901 sie
815 3828 959 3926 superis
978 3837 1130 3927 pectora
1148 3825 1245 3901 ferre
1265 3829 1384 3899 doces.

463 3935 566 4010 Haec
584 3951 667 4008 tua
685 3945 730 4007 te
748 3933 870 4007 virtus
888 3936 1034 4008 dudum
1053 3959 1164 4032 super
1182 3944 1283 4007 astra
1301 3931 1459 4027 locavit3
1598 4014 1602 4025 f

569 4041 670 4133 Quid
687 4042 883 4137 reliquae?
903 4067 1066 4137 quarum
1085 4051 1191 4137 tanta
1209 4066 1345 4115 corona
1363 4040 1461 4115 tibi
1480 4049 1545 4114 est.

463 4149 545 4223 Non
564 4152 656 4222 adeo
674 4149 780 4223 varie
800 4149 976 4224 distincta
993 4161 1049 4223 est
1067 4150 1180 4223 Flora
1198 4150 1341 4239 colore,

568 4256 650 4332 Non
668 4259 761 4331 adeo
779 4256 908 4329 varius
925 4281 992 4354 per
1010 4258 1104 4356 iuga
1121 4266 1255 4330 vernat
1273 4258 1383 4329 odor:

463 4364 586 4456 Quam
604 4376 649 4437 te
666 4364 855 4438 virtutum
873 4366 1049 4438 decorant
1067 4363 1254 4464 insignia,
1273 4363 1442 4463 praesul,

520 4510 525 4520 ·
568 4470 599 4545 Ο
618 4470 741 4543 amorl
761 4496 782 4544 0
801 4470 898 4545 sacri
915 4496 1072 4570 spesque
1092 4472 1267 4567 salusque
1284 4470 1432 4572 gregis!

463 4580 522 4656 Te
542 4587 701 4677 cognata
718 4578 815 4676 polis
833 4578 959 4677 pietas
971 4576 1138 4679 defigere
1156 4582 1258 4653 coelo
1277 4594 1281 4598 ’

566 4684 780 4780 Divinoque
799 4684 973 4782 frequens
991 4710 1142 4785 pascere
1160 4697 1308 4760 nectare
1327 4694 1439 4758 amat.

462 4793 521 4868 Te
540 4816 685 4890 semper
702 4794 798 4867 ratio
818 4816 1013 4889 nunquam
1031 4791 1183 4867 fortuna
1202 4794 1409 4894 gubernat,

565 4900 690 4975 Huius
707 4911 754 4975 te
772 4911 898 4975 tutum
916 4900 1002 4973 vela
1020 4904 1185 4975 secunda
1202 4900 1356 4973 vehunt.
