4084 6000
1040 539 1089 609 20

484 746 624 820 Fixum
643 755 710 819 est.
732 746 771 821 Si
790 745 919 821 faueat
936 748 1035 822 mihi
1053 775 1152 842 sors,
1171 751 1203 826 si
1221 755 1316 827 dura
1334 766 1540 856 repugnet,

589 854 683 928 Caro
702 879 789 927 cum
805 855 965 954 populo,
984 881 1070 954 pars
1089 883 1160 959 ego
1179 859 1496 958 prima,;ferem.“

481 961 553 1036 Vir
571 961 719 1034 divine!
738 972 846 1061 pater
863 965 1090 1061 populorum
1108 991 1202 1042 vere
1216 978 1268 1042 tu
1279 970 1432 1043 oruml

531 1106 534 1111 ·
585 1070 673 1144 Lux
691 1071 812 1162 orbis,
832 1070 957 1171 gentis
976 1083 1108 1170 portus
1126 1085 1165 1148 et
1183 1092 1248 1148 are
1266 1075 1403 1151 tuae!

480 1175 584 1267 Quae
603 1177 723 1276 pietas
742 1178 913 1251 meruit?
933 1178 1019 1273 quis
1039 1205 1144 1254 amor
1162 1183 1215 1256 sic
1233 1182 1442 1258 iunxerat?
1461 1195 1506 1259 ut
1523 1211 1589 1262 nos
1704 1228 1706 1233 ·

584 1283 633 1357 Et
651 1284 753 1359 vitae
772 1285 902 1384 cupias
920 1289 1179 1386 praeposuisse
1197 1292 1341 1364 tuae?

479 1390 629 1466 Scilicet
647 1403 691 1466 ut
710 1417 838 1466 caesar
855 1393 999 1492 superis
1017 1394 1167 1471 vicinus
1186 1397 1328 1471 honore
1347 1423 1404 1472 es:

584 1500 644 1575 Sic
662 1510 730 1575 tua
749 1511 825 1574 stat
843 1499 964 1599 pietas
981 1504 1159 1600 proxima
1177 1505 1387 1579 coelitibus.

476 1603 539 1679 Nil
557 1606 634 1681 iam
653 1608 842 1700 mirabor,
860 1609 892 1682 si
910 1619 974 1701 te,
992 1609 1281 1705 Francisce,
1299 1623 1455 1688 tuorum

580 1715 741 1808 Tamne,
761 1739 1193 1814 quamoveas-cunque,
1212 1731 1394 1814 sequatur
1414 1745 1531 1795 emor.

475 1821 507 1897 0
525 1822 677 1923 vigeat,
697 1824 916 1922 superisque
936 1834 1042 1924 ratus
1062 1826 1141 1900 sine
1159 1825 1236 1901 fine
1255 1839 1454 1927 perennet,

578 1929 654 2021 Qui
672 1940 739 2024 te,
760 1931 875 2027 quive
894 1942 1010 2005 tuos
1029 1943 1186 2010 mutuus
1205 1935 1284 2009 urit
1300 1936 1424 2010 amori

435 2268 438 2275 ·
569 2249 760 2336 consuetu
779 2271 799 2333 e
817 2250 979 2384 virtutum
997 2251 1202 2336 eiusdem
1220 2257 1358 2336 aeterna
1374 2253 1539 2340 mercede.
1575 2321 1577 2328 .

471 2469 557 2545 Heu
576 2495 657 2569 spes
676 2469 847 2545 fallaces!
866 2471 942 2545 heu
960 2483 1053 2545 vota
1073 2469 1246 2571 fugacia!
1266 2498 1352 2548 raro

577 2578 811 2678 Contingunt
829 2579 965 2653 nostris
983 2578 1095 2652 litora
1114 2589 1198 2652 tute
1216 2580 1375 2679 scaphis.

470 2684 546 2775 Qui
564 2686 685 2760 multo
704 2686 879 2759 madidus
897 2696 1037 2760 terram
1057 2688 1190 2760 sudore
1210 2688 1376 2780 colebat,

577 2792 693 2892 Saepe
711 2795 851 2872 bonam
869 2794 1000 2876 messis
1019 2817 1124 2893 spem
1144 2793 1320 2870 cecidisse
1339 2794 1452 2892 dolet.

468 2901 583 2974 Fallit
602 2911 639 2974 et
658 2911 836 2974 exactum
854 2900 1048 2974 vindemia
1066 2926 1175 3001 saepe
1193 2903 1382 2998 laborem3
1499 2929 1501 2934 ·

572 3006 696 3098 Quam
714 3010 890 3099 dederat7
907 3007 1008 3082 fallit
1026 3020 1164 3109 pontus
1184 3021 1222 3083 et
1240 3036 1350 3103 aura,
1368 3010 1494 3084 fidem.

468 3117 537 3192 Oui
555 3115 660 3214 prius
679 3116 854 3190 emeritas
872 3126 1049 3214 properat
1067 3117 1227 3190 victoria
1245 3118 1391 3211 lauros,

572 3220 606 3297 N
608 3247 649 3296 ec
667 3248 791 3297 mora:
812 3223 963 3296 devicto
981 3223 1107 3297 vietus
1126 3226 1175 3298 ab
1193 3220 1301 3299 hoste
1320 3225 1427 3299 iacet.

469 3330 501 3406 Ο
520 3330 666 3426 quoties
685 3330 854 3422 soboles,
871 3331 1040 3429 trepidae
1061 3356 1143 3429 spes
1163 3340 1243 3405 tota
1261 3343 1451 3423 senectae,

572 3438 616 3511 In
633 3439 825 3511 tumulum
844 3447 931 3512 ante
950 3438 1050 3511 diem
1069 3437 1211 3538 gaudia
1230 3462 1387 3537 spesque
1406 3440 1513 3513 tulit!

466 3547 662 3643 Purpureo
682 3544 832 3617 radians
852 3547 943 3619 dum
963 3542 1021 3626 sol
1037 3544 1205 3644 procedit
1225 3548 1397 3638 abortu,

570 3652 648 3726 Ista
665 3653 780 3743 fluet,
799 3651 915 3743 dicis,
933 3652 1054 3727 libera
1073 3654 1172 3726 nube
1191 3653 1291 3726 dies:

464 3758 616 3859 Ingruit
634 3767 694 3832 ast
710 3760 868 3833 Boreas:
888 3759 1036 3833 coelum
1056 3784 1134 3832 nox
1152 3758 1265 3857 eripit
1284 3770 1386 3860 etra3

571 3867 694 3941 Aurea
713 3890 788 3961 qua
806 3890 931 3965 speras
950 3876 1140 3965 tempora,
1160 3866 1280 3940 saevit
1298 3865 1429 3943 hiems.

465 3973 657 4074 Urgemur
674 3970 784 4068 fatis3
803 3975 905 4068 quod
923 3985 1004 4047 erat
1021 3975 1180 4047 mortale
1199 3972 1360 4068 fatiscit,

402 4158 404 4163 .
570 4079 618 4154 Et
636 4079 752 4154 dubio
771 4090 908 4154 nutant
924 4080 1066 4181 gaudie
1084 4092 1220 4155 cuncta
1237 4083 1341 4180 pede.

464 4187 640 4282 Undique
661 4188 844 4261 submotis
864 4190 909 4261 de
928 4189 1031 4263 coelo
1050 4189 1214 4263 nubibus
1233 4214 1368 4263 aurum

538 4358 543 4368 .
570 4295 613 4368 In
631 4294 797 4393 priscum
816 4295 938 4393 coepit
956 4305 1085 4369 nostra
1102 4296 1223 4370 redire
1242 4296 1352 4371 salus.

463 4403 548 4477 Rex
565 4402 726 4500 populo,
743 4402 906 4502 populus
924 4411 984 4476 ter
1002 4412 1127 4477 amato
1145 4428 1235 4503 rege
1252 4406 1406 4497 beatus,
1479 4464 1482 4470 a

568 4507 699 4599 Quid?
719 4509 792 4583 nisi
810 4509 1009 4584 coniuncte
1027 4510 1155 4584 vivere
1174 4521 1272 4585 sorte
1290 4513 1394 4587 solet.
1444 4538 1446 4547 ¹

464 4616 548 4694 Huc
567 4615 630 4715 pia
650 4619 881 4691 contendunt
898 4641 1102 4717 regnorum
1120 4629 1230 4693 vote:
1249 4618 1409 4693 salutem
1522 4680 1525 4688 s

457 4718 464 4730 ’
568 4723 658 4797 Fra
669 4724 748 4798 noi
759 4749 840 4798 sco
859 4725 1020 4799 multam
1039 4736 1189 4822 pectora
1208 4736 1343 4800 cuncta
1360 4731 1512 4800 vovent.
1600 4766 1604 4772 ,

462 4830 638 4905 Imminet
656 4830 798 4905 interea
817 4832 948 4933 stygio
968 4831 1132 4907 Libitina
1151 4831 1277 4907 surore
1289 4829 1313 4923 ‚'

566 4938 614 5013 Et
631 4938 769 5013 lacerat
787 4939 899 5039 nigra
915 4950 1079 5035 votaque
1098 4965 1255 5040 spesque
1273 4958 1399 5014 manu.
