4084 6000
950 637 1025 714 ld?

877 751 1087 764 Μ

402 844 485 922 Non
503 851 599 927 mihi
618 853 794 942 credetis,
811 855 878 928 sed
896 853 1038 930 credite
1056 877 1139 930 sera
1157 863 1337 954 nepotum

508 957 711 1062 Tempora,
730 985 805 1034 non
823 971 963 1037 norunt
980 961 1143 1038 vulnera
1160 972 1289 1036 nostra
1306 964 1473 1038 modum.

318 1141 325 1162 ,
403 1061 478 1138 Nec
495 1064 585 1142 licet
601 1068 785 1143 immenso
802 1071 1030 1170 complectar
1048 1068 1214 1144 carmine
1232 1080 1387 1162 cuncta,

506 1171 612 1265 Quae
629 1176 732 1250 mela
747 1175 1008 1279 sustinui,¹me
1025 1176 1198 1256 retulisse
1216 1187 1358 1275 putem.

401 1275 586 1378 Quodque
603 1283 696 1359 mali
714 1306 864 1359 summa
880 1295 957 1360 est:
977 1282 1151 1360 fortunae
1169 1283 1293 1383 prima
1311 1283 1472 1361 faventis

507 1390 628 1466 (lausa
645 1390 771 1490 prius,
789 1415 898 1468 casus
916 1415 1030 1468 causa
1047 1391 1094 1468 fit
1111 1390 1194 1491 ipsa
1211 1389 1296 1470 mei.

399 1494 596 1573 Danubius
614 1499 703 1573 latis
719 1523 781 1573 me
798 1512 948 1598 praeter
964 1498 1108 1577 labitur
1125 1497 1253 1591 undis,

506 1604 554 1681 Et
571 1605 750 1706 pulchras
767 1608 913 1706 patriae
930 1606 1052 1683 cernit
1070 1607 1247 1703 utrinque
1265 1606 1410 1706 plagas,

401 1709 528 1808 thue
545 1713 633 1788 fluit
649 1713 762 1789 terris
779 1739 849 1790 sua
865 1712 1023 1790 fundere
1042 1715 1239 1792 commoda
1255 1714 1418 1814 gaudet3

504 1822 601 1898 Prae
619 1820 775 1917 reliquis
793 1820 890 1897 favit
907 1846 1054 1922 semper
1072 1821 1191 1898 atille
1209 1819 1315 1896 mihi.

400 1925 528 2002 Isthuo
546 1929 767 2028 praecipuas
785 1932 877 2005 dum
895 1941 1023 2008 vectat
1040 1941 1190 2031 tergore
1208 1951 1369 2018 meroes,

502 2035 552 2112 Et
567 2037 701 2137 procul
717 2034 807 2112 hinc
824 2046 971 2112 nostras
988 2035 1140 2133 fertque
1157 2034 1346 2132 refertque
1366 2045 1473 2108 rates.

400 2140 559 2218 Ornatas
575 2143 731 2243 recipit,
749 2155 953 2240 cautasque
970 2145 1165 2222 natatibus
1183 2145 1313 2235 aedes,

503 2250 624 2327 Gestit
641 2263 680 2327 et
697 2264 867 2327 arentem
886 2251 989 2328 fonte
1007 2255 1135 2330 levare
1154 2251 1267 2328 sitim.
1302 2333 1305 2338 ,

397 2354 472 2430 Nos
490 2358 632 2457 pariter
648 2369 804 2460 gratum
822 2383 899 2456 quo
917 2370 1169 2439 contestemur
1186 2385 1371 2448 amorem,

503 2465 692 2542 Gonamur
711 2464 898 2563 quidquid
915 2471 1073 2544 reddere
1090 2492 1182 2544 cura
1200 2467 1312 2542 valet.

398 2570 563 2649 Aedibus
580 2598 759 2650 ornamus
776 2575 898 2674 ripas,
915 2587 1121 2675 portusque
1140 2599 1338 2675 peremne,

501 2681 727 2781 Metropoles
743 2681 853 2758 labor
869 2695 927 2758 est
942 2684 1103 2784 iungere
1121 2693 1235 2783 ponte
1253 2683 1358 2756 duas.
1388 2749 1393 2754 .

398 2787 622 2870 Instruimus
641 2814 757 2866 neves
776 2793 966 2891 urgendae
984 2803 1065 2867 arte
1084 2815 1290 2890 vaporum,

501 2896 698 2972 Credimus
716 2896 955 2991 innumeras,
972 2923 1068 2994 quas
1086 2908 1178 3000 agat
1195 2897 1276 2996 ipse
1294 2895 1424 2971 Notus.

397 3003 472 3079 Nec
491 3004 603 3097 satis,
620 3029 826 3101 aequoreas
843 3009 979 3083 subeat
995 3032 1071 3104 quo
1089 3005 1242 3106 pronior
1259 3007 1399 3093 undas,

500 3111 611 3204 Quod
629 3125 843 3189 remoratur
859 3114 934 3190 iter
949 3116 1083 3191 tollere
1102 3139 1195 3193 eura
1212 3110 1294 3189 fuit.
1367 3182 1369 3191 .

395 3216 493 3309 Quin
513 3220 627 3296 etiam
646 3220 869 3320 ripas-nexu
886 3223 1028 3300 sociare
1046 3221 1222 3323 perenni:

381 3354 384 3359 ·
500 3329 648 3403 Iustum
665 3353 734 3428 pro
750 3329 896 3405 meritis
912 3341 956 3406 ut
973 3329 1148 3407 diadema
1166 3327 1282 3423 feret,

395 3432 498 3509 Haec
515 3461 583 3516 nos
600 3435 796 3533 Danubio,
814 3440 950 3515 deeora
967 3438 1108 3515 isthinc
1126 3439 1240 3538 plura
1256 3459 1451 3541 paremus,
1572 3471 1574 3475 ·

500 3541 609 3618 Unde
626 3542 684 3618 illi
701 3544 832 3620 veniat
848 3571 985 3623 nomen
1003 3546 1199 3641 honosque
1217 3568 1348 3623 novus.

395 3648 608 3725 Dummodo
626 3663 760 3751 pacato
778 3654 953 3729 decurrat
969 3651 1148 3744 flumine,
1165 3663 1315 3748 stetque

498 3758 579 3833 Iam
597 3768 708 3835 vetus
725 3759 825 3835 inter
842 3786 912 3836 nos
928 3760 1174 3866 obsequiosus
1193 3782 1308 3834 amor.
1386 3800 1388 3807 ·

395 3863 509 3941 Terra
525 3865 623 3941 nihil
640 3865 735 3942 certi
751 3866 806 3941 nil
822 3868 954 3970 gignis
972 3866 1134 3965 deniqne
1151 3866 1245 3946 tuti:

498 3972 590 4048 Inde
608 3973 714 4049 venit
730 3985 896 4076 strages,
913 3986 1070 4051 venerat
1086 3976 1187 4050 unde
1204 3972 1324 4050 salus!

394 4076 479 4171 Quo
497 4077 701 4157 furibunde
716 4082 827 4159 ruis?
847 4082 933 4180 quis
951 4093 989 4158 te
1007 4083 1130 4159 malus
1148 4080 1312 4181 impetus
1332 4078 1472 4181 urget?
1573 4162 1575 4165 ,

498 4187 590 4280 Dic,
608 4214 669 4265 me
687 4188 796 4267 cuius
814 4190 899 4291 agis
916 4190 1084 4267 oriminis
1102 4188 1181 4290 ipse
1199 4188 1334 4267 ream?
1389 4231 1391 4235 -

394 4293 456 4371 Nil
473 4320 567 4394 ago:
586 4296 756 4373 crudeles
772 4297 981 4375 meditatur
996 4297 1154 4376 tetricus
1173 4320 1309 4388 ausus,
1386 4377 1390 4383 ,

497 4400 547 4478 Et
562 4403 682 4479 socias
699 4416 821 4504 pestes
839 4415 876 4480 et
893 4405 996 4483 mala
1013 4414 1151 4482 cuncta
1167 4412 1289 4479 vocat.

393 4505 530 4584 infelix
548 4511 663 4587 eheu!
683 4511 910 4612 glacialibus
924 4516 1065 4590 obruor
1081 4511 1211 4603 undis,
1277 4554 1280 4561 ·
1473 4576 1475 4581 .
1579 4610 1582 4617 A

499 4614 600 4693 Urbs
617 4620 730 4695 modo
749 4642 846 4714 quae
865 4617 1014 4699 fueram
1032 4646 1117 4697 sum
1136 4620 1248 4697 modo
1266 4614 1368 4695 facta
1386 4636 1504 4695 mare

393 4721 590 4819 Nusquam
608 4738 692 4802 tuta
709 4726 830 4803 salus!
848 4728 966 4805 moles
978 4730 1246 4829 glomerantur
1263 4746 1450 4822 aquarum
1584 4764 1586 4769 ·

497 4831 624 4930 Atque
639 4834 748 4911 novis
764 4843 910 4911 veteres
928 4834 1232 4937 multiplicantur
1248 4832 1368 4930 equis.

283 4976 287 4980 ·
392 4936 537 5014 Interea
553 4940 701 5017 miseris
718 4953 894 5019 resonant
910 4944 1153 5045 clangoribus
1171 4942 1270 5021 altae

497 5045 655 5143 Turres,
672 5059 718 5124 ut
734 5061 912 5127 moneant
928 5050 1193 5148 auxiliumque
1210 5058 1357 5129 vocent.
1385 5126 1388 5133 A
