4084 6000
1012 609 1086 684 116

469 824 509 898 Si
527 823 679 900 monitis
696 847 827 923 pares,
844 822 877 898 si
895 825 1021 898 doctus
1039 823 1204 900 Palladis
1223 834 1322 900 artes

573 931 732 1009 Assiduo
751 931 874 1007 studio
892 929 1136 1008 condidicisse
1154 932 1269 1008 voles.

469 1040 505 1117 Si
523 1037 600 1132 fas,
619 1051 732 1136 atque
750 1064 913 1136 aequum
930 1048 1079 1116 tenerae
1099 1040 1147 1115 sit
1164 1041 1299 1141 regula
1317 1041 1437 1116 vitae:

570 1145 701 1238 Quid?
720 1146 793 1222 nisi
811 1145 936 1222 felices
954 1148 1147 1247 experiere
1165 1146 1253 1224 dies.

464 1254 569 1331 Tunc
587 1253 683 1330 mihi
700 1255 872 1330 suadenti
890 1257 983 1330 bene
1001 1257 1123 1352 (quod
1140 1266 1178 1330 te
1196 1261 1327 1356 posco)
1345 1278 1515 1354 precare,

569 1363 642 1441 Seu
660 1360 786 1457 fuero,
805 1388 873 1439 seu
890 1389 950 1438 me
969 1361 1050 1441 sata
1067 1361 1182 1439 fuisse
1199 1365 1337 1440 volent.

934 1659 1145 1674 w

892 1902 1093 2008 Elegio
1120 1903 1179 1990 v.

700 2112 1043 2223 FunestumJColoeoc
1060 2125 1248 2195 incendium
1270 2122 1378 2194 1828.

467 2289 572 2422 [luae
590 2330 801 2406 miseranda
817 2331 923 2408 vides
942 2333 1131 2432 suspirans
1148 2335 1260 2407 busta
1277 2331 1422 2424 viator,

565 2437 668 2514 Haec
687 2441 875 2535 quondam
894 2440 1050 2518 Golooae
1068 2450 1193 2515 comta
1210 2441 1335 2539 platea
1353 2436 1437 2514 filit.

459 2546 611 2647 Aspice,
630 2558 668 2621 et
686 2546 866 2622 exhorre!
886 2547 939 2622 sic
957 2559 1098 2649 urgent
1116 2547 1194 2622 fata
1213 2547 1383 2638 sinistra,
1573 2542 1577 2570 ¹

561 2655 663 2730 Dum
681 2652 786 2754 sugit
805 2656 975 2730 incautas
994 2656 1124 2731 sedula
1142 2680 1234 2730 cura
1251 2656 1390 2730 domos.

454 2761 593 2838 Mensis
611 2771 713 2854 erat,
732 2786 808 2859 quo
826 2789 945 2840 annus
963 2762 1079 2838 medii
1096 2787 1212 2863 prope
1229 2773 1340 2862 terga
1357 2760 1474 2836 leonis
1575 2805 1577 2808 -

560 2872 773 2961 Presserat,
791 2870 962 2972 ingentes
981 2897 1045 2946 ore
1063 2881 1239 2950 vomente
1259 2867 1369 2945 facee.
1476 2907 1479 2915 λ

457 2976 705 3080 Languebant
721 2977 913 3072 homines,
931 2979 1166 3082 languebant
1183 2988 1310 3078 prata,
1328 3001 1555 3075 nemusque,

562 3085 638 3161 Neo
657 3085 786 3185 pluvio
805 3086 899 3161 coeli
917 3085 1018 3163 fonte
1037 3089 1214 3161 madebat
1232 3087 1382 3163 humus.

459 3191 553 3268 Ecce
572 3192 699 3268 furens
717 3194 861 3269 Gaurus
879 3195 1020 3269 Boreae
1039 3195 1139 3269 socia
1156 3195 1310 3295 agmina
1328 3195 1488 3295 iungens

563 3299 611 3376 Et
628 3312 767 3376 terram
786 3310 824 3376 et
841 3302 982 3377 vitreas
1000 3301 1150 3377 turbine
1168 3305 1302 3402 perflat
1319 3327 1444 3399 aquas.

455 3406 661 3510 Frangitur
678 3408 772 3483 haec
790 3408 888 3483 inter
904 3409 1027 3509 rapidi
1045 3409 1102 3484 vis
1120 3412 1295 3485 flammea
1313 3410 1415 3502 solis,

560 3516 608 3591 Et
626 3540 767 3598 messor
784 3528 963 3611 ventum,
981 3543 1055 3615 quo
1075 3528 1283 3608 recreetur,
1302 3527 1422 3593 amat.v

453 3622 504 3699 Et
518 3622 676 3699 'Oolooza
693 3634 821 3723 putres
840 3637 1017 3700 everrunt
1034 3625 1189 3700 flamina
1207 3626 1372 3701 nimbos:
1411 3696 1414 3701 .

558 3730 634 3806 Neo
652 3744 779 3807 tamen
797 3733 976 3834 ambiguo
994 3744 1095 3808 tecta
1114 3733 1248 3808 timore
1265 3742 1412 3807 vacant.

455 3837 602 3940 Quippe
620 3840 721 3915 calor
738 3840 877 3917 nimius
894 3841 1056 3916 flammis
1073 3841 1253 3915 alimenta
1270 3840 1484 3916 ministrans

557 3947 692 4041 Arida,
710 3947 873 4023 Vulcani
891 3948 1044 4025 subiicit
1061 3949 1138 4048 ipse
1156 3958 1309 4024 metum.

451 4053 574 4152 Atque
594 4057 740 4131 utinam
757 4056 886 4159 vigilis
905 4057 1049 4133 monitu
1068 4063 1339 4155 mens‘promta
1357 4053 1507 4149 fuisset,
1537 4126 1540 4131 .

556 4163 724 4263 Moxque
741 4164 867 4240 ubivis
885 4164 1023 4265 patulis
1043 4164 1146 4239 unda
1162 4173 1292 4263 parata
1310 4164 1429 4240 cadis!

453 4269 561 4349 Nune
578 4269 703 4348 minus
721 4271 956 4373 ingemerent
971 4271 1128 4372 lugubri
1147 4270 1256 4346 sortis
1274 4274 1427 4348 acerbae

558 4379 641 4456 Ictu
659 4379 844 4472 deiectae,
862 4378 1050 4476 squallida
1067 4382 1199 4472 busta,
1218 4382 1361 4456 domus.

455 4484 531 4564 Nec
548 4486 703 4563 miseros
721 4487 821 4563 cives
839 4486 956 4561 tristis
974 4495 1131 4561 vexaret
1149 4496 1316 4588 egestae,

556 4594 631 4670 Nec
649 4605 819 4695 peterent
836 4593 1020 4670 modicam
1039 4594 1206 4695 supplice
1223 4620 1315 4669 voce
1334 4593 1477 4695 stipem.

452 4698 536 4778 Non
553 4702 723 4778 madidos
741 4703 872 4795 vultu,
889 4703 1030 4777 laceros
1048 4730 1122 4778 non
1139 4712 1243 4778 veste
1262 4701 1429 4799 videres3

555 4808 639 4885 Non
657 4810 751 4886 alios
768 4810 907 4887 coleret
923 4811 1028 4910 plebs
1047 4812 1260 4887 miseranda
1277 4810 1384 4885 lares.

452 4916 561 4997 Coelo
580 4916 690 4994 aliter
706 4918 831 4995 visum
850 4928 916 4995 est.
936 4918 1038 4996 Dum
1055 4917 1240 5019 plurimus
1258 4917 1425 5014 undique
1443 4926 1579 4995 ventus

553 5024 688 5119 Irruit,
706 5036 743 5104 et
760 5028 903 5105 medios
921 5026 1110 5131 Cynthius
1129 5036 1240 5127 urget
1257 5050 1383 5123 equos.
