4084 6000
881 656 1092 792 —tib—

409 879 466 954 Tu
487 877 686 952 fortunatis
704 876 845 976 pariter
860 880 1058 953 censebere
1078 879 1116 952 in
1135 879 1230 970 oris,

513 983 618 1075 Quae
637 984 818 1084 gregibus
836 983 961 1059 viduis
978 985 1120 1085 gaudia
1138 997 1239 1060 certa
1257 1010 1376 1086 parus.

409 1091 555 1166 Interea
574 1089 721 1189 superi,
739 1089 885 1165 meritis
903 1092 970 1188 qui
988 1091 1060 1166 rite
1078 1091 1208 1166 locatis

512 1197 726 1272 Decernunt
743 1197 851 1297 larga
868 1198 1038 1298 praemia
1055 1198 1154 1272 iusta
1172 1223 1306 1272 manu:

410 1303 460 1378 Te
479 1302 591 1380 toties
609 1305 739 1378 orbam
757 1303 872 1378 tacito
890 1306 1071 1404 languere
1090 1306 1237 1395 dolore,

512 1409 589 1486 Nec
608 1410 772 1510 gemitus
789 1410 866 1484 imo
884 1414 994 1486 corde
1012 1412 1112 1486 ciere
1131 1411 1271 1486 sinunt.

408 1517 549 1616 Nempe
567 1541 665 1592 novo
683 1530 883 1616 properant
900 1543 1051 1594 rursum
1070 1528 1218 1617 pastore
1236 1519 1367 1608 beare,

513 1623 562 1699 Et
579 1623 717 1723 gremii
736 1636 919 1699 renovant
935 1623 1055 1699 iubila
1074 1625 1193 1699 multa
1211 1624 1278 1699 tui.

407 1730 518 1805 Forte
535 1729 637 1804 vices
654 1730 802 1806 variare
820 1730 957 1831 piget‘l
977 1755 1044 1806 nec
1063 1742 1232 1831 tempora
1250 1729 1350 1804 veris

512 1837 640 1932 Usque
658 1839 752 1911 adeo
769 1837 870 1937 grati
887 1836 970 1912 fixa
986 1863 1139 1913 manere
1157 1838 1287 1912 solent.

408 1941 483 2016 Neo
501 1943 636 2018 iuvene
654 1941 853 2042 indignum
871 1945 998 2019 varios
1015 1969 1191 2043 superare
1208 1945 1375 2033 labores,

512 2049 564 2125 Ut
582 2051 773 2145 quondam
786 2062 958 2125 numeret
975 2063 1085 2150 parta
1102 2062 1256 2150 tropaea
1274 2075 1400 2124 senex.
1449 2077 1452 2084 ·

408 2154 541 2254 Aspice
560 2155 598 2229 in
617 2157 816 2255 amplexus
833 2158 984 2256 praesul
1002 2157 1087 2254 quis
1104 2159 1234 2232 tendat
1252 2157 1438 2231 anhelos?

511 2265 636 2338 Aurea
652 2263 737 2358 quis
754 2265 891 2363 flagret
908 2265 1027 2339 lustra
1045 2289 1176 2364 parare
1194 2264 1295 2340 tibi‘l
1385 2300 1389 2308 ·

408 2369 477 2443 Ille
495 2382 572 2461 est,
589 2369 789 2468 multiplici
808 2369 1042 2469 praecinctus
1059 2384 1228 2470 tempora
1247 2384 1366 2460 serto,

512 2476 676 2551 Summis
693 2478 956 2553 Pannonidum
976 2503 1117 2577 parque
1137 2480 1324 2573 decusque
1343 2476 1445 2549 viris.

405 2583 528 2673 Quem
546 2581 699 2659 Themis
716 2584 874 2659 excelsis
892 2586 1110 2658 decoratum
1129 2585 1281 2658 dotibus
1299 2607 1419 2678 aequo

511 2689 697 2764 Sanxerat
715 2689 753 2762 in
772 2688 902 2791 primis
921 2690 1001 2765 iure
1020 2692 1147 2764 sedere
1166 2689 1268 2765 foris.

405 2794 534 2870 Patria
551 2820 665 2892 quem
682 2821 866 2896 magnum
884 2799 1002 2871 suada
1020 2813 1063 2872 ut
1080 2795 1217 2870 mirata
1235 2795 1462 2894 magistrum
1480 2807 1557 2885 est,

510 2902 599 2977 Esse
617 2927 730 2996 suum
746 2903 904 3003 cupiunt
922 2905 1069 3004 pulpita
1087 2915 1192 3005 sacra
1211 2915 1335 3003 eaput.

405 3006 623 3084 Necmora:
641 3021 813 3108 pestanae
832 3008 953 3086 fertur
969 3012 1180 3086 celebratus
1199 3010 1237 3083 in
1257 3032 1357 3098 orae,

509 3119 636 3217 Argus
655 3128 699 3191 ut
715 3118 872 3192 adeuret
889 3116 1097 3217 relligionis
1115 3140 1219 3215 opus

405 3224 610 3323 Praecipue
628 3215 753 3298 saeros
771 3248 868 3320 quae
886 3222 1023 3299 formet
1039 3247 1130 3297 cura
1147 3220 1361 3312 ministrae,

509 3330 662 3421 Quaeve
681 3342 806 3429 paret,
823 3326 971 3422 videat,
988 3328 1140 3428 pectora
1157 3327 1235 3403 fida
1253 3327 1358 3427 polis.

405 3435 504 3510 Tum
523 3461 613 3510 vero
632 3448 796 3537 surgunt
813 3437 970 3511 laudum
987 3447 1231 3509 monumenta
1249 3438 1457 3526 novarum,
1529 3462 1532 3471 ’

508 3542 557 3617 Et
575 3542 698 3642 magis
715 3542 856 3638 eloquii
874 3542 1009 3637 visque
1028 3542 1202 3639 nitorque
1221 3552 1338 3643 patet.

404 3648 669 3746 Eloquii,quo
686 3649 718 3723 si
735 3647 883 3722 divinos
902 3648 1050 3722 evibret
1066 3648 1191 3747 ignee,
1259 3661 1263 3667 ’
1289 3682 1292 3689 «

509 3755 706 3830 Ambrosia
722 3754 920 3829 cathedras
936 3778 1030 3828 voce
1049 3778 1180 3828 sonare
1198 3764 1319 3855 putes.

405 3861 444 3936 Si
463 3862 624 3962 patriae,
643 3860 675 3934 si
692 3861 793 3961 regis
810 3865 917 3935 amor
934 3860 1092 3935 dicentis
1111 3864 1243 3935 abore
1333 3904 1334 3909 =

508 3968 674 4059 Emicet,
692 3968 769 4043 ima
787 3967 891 4041 subit
908 3967 1081 4067 protin‘us
1101 3976 1184 4041 o'ssa
1202 3967 1314 4040 calor.

407 4074 683 4175 Veszprimium
701 4074 797 4149 mihi
814 4072 920 4148 testis
939 4073 1032 4166 eris,
1050 4073 1248 4168 vicinaque
1267 4072 1401 4163 tellau,

507 4181 615 4257 Nunc
632 4206 804 4277 quoque,
822 4179 985 4254 facundo
1003 4198 1101 4275 quae
1119 4179 1211 4255 tulit
1229 4205 1314 4274 ore,
1333 4204 1486 4254 mentor.

402 4288 520 4363 Testis
539 4286 718 4363 Pisonum
737 4287 869 4388 patriis
887 4289 977 4362 urbe
996 4286 1143 4389 inclyta
1163 4285 1287 4379 fastis,
1358 4318 1361 4325 ¹
1398 4313 1401 4322 ·

508 4393 674 4491 Concilio
692 4406 844 4493 patrum
863 4393 1064 4470 nobilitata
1082 4418 1198 4468 sauro.

403 4502 504 4577 Haec
523 4500 590 4575 ubi
608 4499 775 4577 Danubii
793 4524 861 4598 per
877 4500 983 4599 ripas·
996 4502 1104 4575 Buda
1121 4500 1287 4574 virentes
1330 4562 1333 4566 .

507 4606 659 4701 Audiit,
678 4606 861 4682 aethereis
879 4605 988 4682 Buda
1006 4610 1169 4705 superba
1187 4608 1310 4706 iugis:

401 4715 452 4790 At
469 4713 566 4788 mihi
583 4740 657 4789 non
676 4713 845 4814 fulgent,
863 4713 1087 4787 Horvr'ath
1106 4738 1200 4809 quos
1218 4715 1395 4812 prendat,
1414 4713 1584 4803 honores,

507 4820 589 4895 Non
608 4820 730 4913 tituli,
748 4820 855 4917 queis
873 4819 923 4893 eit
941 4819 1245 4919 conspiciendus,
1264 4819 1328 4893 ait.

402 4927 507 5003 Desit
526 4926 654 5002 honor
664 4927 882 5017 stimulans,
901 4924 1024 5000 virtus
1043 4925 1205 5027 ingloria
1222 4928 1399 5027 languet,

507 5034 614 5110 Adsit
632 5036 771 5127 honor,
790 5034 911 5110 multa
928 5035 1011 5109 luce
1030 5058 1184 5109 corusca
1203 5034 1327 5108 micat.
