4084 6000
1029 941 1050 980 n

898 1003 920 1044 ⁴}
1158 1003 1179 1044 lt

459 1157 565 1249 Quae
583 1158 677 1230 mihi
697 1181 806 1230 muso
824 1171 938 1253 queat
956 1156 1090 1230 solatia
1107 1167 1233 1248 tanta,
1251 1158 1354 1251 quod
1372 1170 1537 1232 oestrum

350 1357 357 1372 ‚
564 1266 657 1340 Tam
676 1276 827 1364 gratam
846 1264 989 1338 cunctis
1008 1264 1079 1337 rite
1097 1288 1229 1336 sonare
1248 1265 1379 1337 diem?

458 1372 566 1445 Hanc
584 1397 656 1471 ego
675 1373 838 1446 natalem
856 1370 984 1462 nobis,
1003 1371 1152 1465 arisque
1172 1369 1354 1466 focisque,

565 1479 673 1552 Hanc
692 1503 837 1552 sacram
854 1478 964 1576 pleno
982 1478 1062 1552 iure
1081 1478 1354 1551 vocabo'diem.

458 1585 587 1660 Saecla
606 1597 853 1659 renascuntur
869 1596 1015 1675 tecum,
1036 1583 1396 1682 augustissime
1415 1611 1606 1675 caesar,

565 1693 707 1784 Aurea,
726 1691 833 1788 queis
851 1691 996 1764 utinam
1013 1690 1100 1764 finis
1119 1694 1252 1766 abesse
1266 1693 1396 1786 queat!

459 1799 563 1872 Haeo
582 1824 765 1873 memores
783 1798 947 1873 recolent
964 1798 1135 1872 venturis
1153 1809 1323 1896 tempora
1342 1796 1449 1895 fasti-3
1486 1817 1487 1824 ’

429 1940 434 1949 ·
564 1904 660 1996 Nec,
678 1906 745 2001 qui
764 1904 890 1979 felices
909 1930 976 1978 nos
994 1916 1129 2005 neget,
1145 1905 1245 1978 ullus
1265 1905 1346 1979 erit.

458 2011 549 2085 Vita
568 2013 665 2086 redit
681 2024 807 2086 tecum
825 2012 974 2110 populis
992 2011 1195 2110 regnisque
1213 2012 1354 2103 beatiS,

565 2118 596 2193 Ο
614 2119 747 2192 decus!
767 2145 790 2193 o
808 2119 893 2192 aevi
911 2118 1034 2218 gloria
1053 2119 1175 2216 prima
1192 2118 1264 2191 tui!

461 2223 643 2299 Omnibus
662 2226 762 2298 idem
781 2226 949 2316 animm,
967 2226 1075 2320 queis
1094 2225 1196 2299 sidus
1215 2224 1377 2299 amabile
1395 2226 1517 2299 luces:

563 2332 633 2404 His
650 2333 785 2425 etiam,
805 2358 892 2423 oro,
909 2332 991 2429 pias
1010 2335 1257 2405 adnumerato
1276 2332 1432 2405 scholae.

458 2437 560 2529 Hae,
578 2439 667 2532 quia
685 2439 843 2512 sollicito
863 2439 958 2512 nulli
976 2463 1117 2512 cessere
1136 2439 1283 2534 dolore3
1403 2507 1404 2510 ,

565 2546 723 2618 Aemula
741 2571 841 2619 nunc
860 2546 1003 2619 cunctis
1023 2545 1165 2644 gaudia
1191 2543 1272 2618 iure
1291 2543 1430 2618 fovent.

458 2649 567 2723 Musa
585 2651 633 2725 sit
651 2653 745 2725 haec
762 2653 878 2734 testis,
897 2652 955 2727 Tu
973 2653 1080 2726 nobis
1099 2677 1253 2726 munere
1272 2651 1406 2725 divum
1435 2681 1437 2686 ’

562 2759 740 2851 Reddite,
758 2760 883 2834 adhuc
901 2760 1042 2858 praesis
1054 2769 1069 2850 ,'
1083 2783 1254 2832 caesar
1272 2770 1415 2848 amate,
1434 2757 1518 2830 diu!

931 2977 1142 2988 ——---

849 3247 853 3253 .
898 3180 1099 3284 Elegia
1126 3183 1194 3265 ΙΙ.
1248 3218 1250 3223 v

487 3371 490 3382 ¹
513 3350 566 3416 Ad
583 3352 728 3418 tuorem
743 3350 984 3435 secayestmom
1001 3310 1213 3433 imperaturis
1229 3353 1262 3415 et
1278 3352 1368 3436 reqr's
1386 3352 1564 3435 apostotici

844 3462 1058 3519 ranncrscr
1079 3462 1102 3517 Ι.
1127 3453 1237 3522 1828.

459 3571 529 3683 llla
546 3610 625 3683 dies
643 3607 744 3698 orbi,
763 3631 890 3681 caesar
907 3607 1193 3699 Francisce‚
1210 3606 1379 3701 refulsit,

565 3715 739 3791 Nascenti
757 3717 948 3809 quondam
966 3740 1063 3809 quae
1082 3715 1153 3790 tibi
1171 3715 1293 3813 prima
1312 3713 1396 3789 fuit.

461 3825 578 3920 Siqua
595 3822 729 3912 micat,
748 3823 920 3895 duodena
938 3822 1016 3919 poli
1034 3824 1126 3895 dum
1144 3822 1253 3921 signa
1271 3823 1431 3920 patentis
1457 3912 1463 3919 Ι

565 3930 741 4004 Phoebus
758 3928 857 4020 adit,
876 3928 1011 4002 nostris
1029 3928 1204 4002 cordibus
1218 3930 1323 4002 ,alma
1341 3930 1439 4003 dies:

460 4038 531 4112 Illa
549 4037 702 4132 quidem
721 4060 893 4133 praesens
913 4034 1037 4109 fuerit.
1066 4034 1173 4109 Nunc
1191 4034 1325 4109 iubilet
1343 4038 1491 4111 aether!

566 4142 673 4217 Nunc
692 4142 827 4237 iterent
843 4154 972 4242 gratos
990 4144 1131 4240 plectra
1151 4167 1287 4216 canora
1305 4145 1431 4219 sonosl

460 4250 625 4325 Deliciae
643 4249 796 4340 divum,
813 4274 948 4347 regum
966 4251 1057 4340 lux,
1076 4250 1199 4349 gloria
1218 4249 1334 4323 nostri

566 4355 860 4430 Franciscus
888 4355 1011 4447 saecli,
1030 4356 1203 4453 publicus
1222 4355 1323 4431 orbis
1342 4382 1458 4446 amor,

461 4465 525 4536 Bis
543 4489 610 4535 sex
629 4464 746 4535 lustra
765 4488 853 4536 suae
871 4462 1001 4535 recolit
1019 4461 1143 4535 felicia
1162 4463 1282 4560 vitae3

565 4570 699 4645 Nostra
717 4581 857 4663 queant
874 4580 1018 4642 certum
1037 4569 1179 4667 gaudia
1197 4595 1303 4643 nosse
1321 4571 1507 4644 modum‘?

461 4677 532 4750 Tot
549 4676 699 4774 populi,
716 4688 772 4749 tot
789 4701 908 4775 regna
925 4676 1008 4774 piae
1027 4678 1117 4749 dant
1135 4677 1295 4777 pignora
1313 4674 1464 4765 mentm,

566 4785 615 4857 Et
631 4783 774 4881 patriae
792 4786 961 4883 gaudent
978 4783 1203 4880 percoluisse
1221 4794 1384 4883 patrem:

462 4889 535 4964 Nos
554 4891 631 4963 lare
649 4892 720 4963 sub
740 4890 844 4963 tenui
860 4890 993 4963 tacitos
1011 4890 1117 4964 iuvet
1134 4915 1252 4985 usque
1272 4889 1417 4961 latere?

566 4997 614 5071 Et
631 4996 765 5069 uostris
782 4998 900 5095 pietas
917 4999 1064 5071 exsulet
1080 5023 1198 5093 usque
1216 4994 1382 5069 scholis?
