4084 6000
824 1167 1029 1274 megia
1054 1125 1156 1253 111ss

353 1386 407 1454 Ad
423 1386 597 1477 demptum
616 1395 779 1454 caunac
796 1408 815 1458 c
832 1389 955 1459 atatis
976 1393 1046 1477 ptis
1061 1409 1126 1478 pro
1135 1389 1276 1476 'priuato
1297 1388 1492 1462 nemiuem
1508 1411 1614 1479 prae-

708 1519 712 1526 ’
754 1496 847 1580 fecto
863 1498 1085 1568 &cedentem
1108 1496 1216 1565 1824.

406 1663 513 1778 Tune
532 1713 638 1795 tuoe,
656 1704 869 1799 Gruber,
887 1707 1104 1781 dulcissima
1121 1717 1295 1806 pectora,
1314 1706 1467 1800 fratres,

510 1811 558 1885 Et
576 1811 655 1886 sine
673 1809 748 1886 fors
766 1814 931 1886 lacrimis
949 1814 1140 1909 linquere,
1157 1825 1249 1888 tune
1265 1816 1402 1912 potes?

406 1917 488 1992 Non
506 1928 632 2017 potes:
652 1918 709 1990 illi
726 1931 764 1992 te
781 1921 963 2018 retinent;
981 1932 1027 1994 tu
1045 1919 1171 2020 diligis
1191 1921 1295 1995 illos:

508 2023 591 2098 Non
609 2022 724 2098 facies
741 2053 817 2102 una
834 2029 992 2102 vulnera
1010 2027 1100 2103 bina
1117 2027 1191 2102 via.

407 2133 559 2230 Aspice,
576 2157 693 2227 quam
710 2141 838 2208 tenero
856 2145 895 2209 te
913 2135 1212 2233 complectantur
1229 2159 1377 2227 amore,

509 2237 632 2330 Quam
650 2243 781 2316 crebro
799 2255 1008 2316 memorent
1026 2253 1157 2338 teque,
1175 2265 1360 2337 suumque
1379 2243 1532 2318 vocent!

405 2346 458 2422 Ut
475 2345 629 2444 cupiant
646 2357 772 2422 tecum
790 2361 944 2423 cunctos
962 2349 1215 2424 transmittere
1234 2349 1349 2440 soles,

508 2453 561 2528 Ut
578 2451 649 2528 tibi
667 2454 809 2530 sincero
827 2466 977 2554 pectore
993 2466 1084 2530 vota
1103 2454 1243 2530 ferant!

405 2560 461 2635 Tu
479 2585 570 2634 vero
588 2559 699 2635 niveo
717 2588 914 2659 nunquam
932 2589 1007 2638 non
1026 2563 1125 2638 cedis
1144 2561 1285 2652 amori,

509 2667 653 2742 Thesea
669 2669 792 2744 socios·
807 2682 976 2768 promtus
995 2696 1121 2744 amare
1138 2669 1224 2744 fide.

405 2777 445 2849 ln
467 2774 575 2849 sociis
594 2775 711 2849 animi
729 2776 828 2850 vivit
845 2802 931 2875 pars
949 2778 1119 2851 maxima
1137 2776 1272 2867 vestri,

509 2881 637 2977 Usque
655 2886 748 2957 adeo
765 2883 918 2958 illorum
936 2896 974 2958 te
992 2883 1077 2982 pius
1095 2883 1174 2958 urit
1191 2907 1307 2956 amor.

405 2989 452 3065 Et
470 3001 597 3065 tamen
614 2990 684 3080 (ah
701 2991 869 3081 vereorl)
888 3018 934 3066 ne
954 3003 1017 3084 tu,
1036 2990 1200 3087 sociique
1215 2989 1366 3063 ‘dolores

508 3098 722 3171 Mercentur
740 3099 892 3172 stabiles
911 3099 982 3172 hae
1000 3101 1138 3197 pietate
1157 3097 1240 3173 sibi.

263 3231 267 3238 ·
404 3204 553 3279 Scilicet
570 3206 744 3303 eriperiS,
762 3206 832 3280 vix
850 3205 945 3281 heu!
963 3207 1153 3281 rediturus
1172 3208 1338 3295 (abesset

510 3311 541 3387 Ο
560 3312 705 3386 utinam
725 3313 824 3387 curis
843 3338 953 3387 omen
970 3316 1139 3409 adusque
1157 3312 1250 3387 meis
1261 3312 1288 3402 l)

403 3418 586 3518 Eriperis:
605 3419 758 3518 rapiunt
775 3420 974 3512 meritum,
993 3420 1108 3495 simul
1125 3420 1273 3520 inclyta
1290 3417 1432 3509 virtue,
1494 3488 1497 3495 .

507 3526 630 3624 Atque
648 3526 764 3600 animi
782 3530 906 3620 doma,
924 3527 1141 3627 ingeniique
1160 3528 1227 3602 tui.

403 3632 586 3732 EriperiS‚
605 3633 758 3730 rapiunt
776 3635 969 3709 doctrinae
988 3634 1112 3725 fama,
1129 3633 1286 3708 tenellae

508 3740 626 3816 Pubis
646 3764 769 3832 amor,
787 3751 871 3815 tum
889 3766 972 3840 spes
991 3740 1131 3814 ordinis
1148 3740 1274 3838 ampla
1290 3737 1354 3837 pii.

402 3846 474 3920 Hei
493 3847 606 3920 mihil
626 3872 738 3941 quem
756 3847 928 3946 rapiunt,
955 3847 1117 3922 retinent
1144 3870 1293 3942 quoque
1311 3844 1464 3920 vincula
1483 3857 1608 3921 tanta:

508 3952 687 4048 Quisquis
705 3954 785 4030 abit
802 3956 910 4047 talia,
928 3954 998 4027 vix
1016 3954 1205 4029 rediturus
1224 3952 1313 4027 abit.

403 4060 459 4135 Tu
478 4072 604 4134 tamen
621 4060 653 4133 il
671 4060 835 4135 fratrum
853 4062 1018 4136 sedenim
1037 4086 1180 4137 memor
1197 4084 1316 4154 usque
1335 4071 1506 4153 tuorum,

507 4168 608 4242 Inter
626 4193 793 4264 quosque
812 4169 887 4243 mei
905 4193 1027 4267 pauca
1045 4168 1229 4244 monentis
1248 4167 1330 4241 eris,

404 4274 557 4373 Semper
574 4274 667 4367 eris,
684 4287 829 4351 certum
846 4284 923 4372 ,cst3
941 4275 1070 4350 videas
1088 4276 1350 4351 tantummodo
1371 4298 1553 4369 quosnam

507 4382 700 4477 LiqueriS,
718 4393 756 4461 et
773 4408 938 4478 quonam
955 4382 1085 4457 fixeris
1103 4384 1182 4482 ipse
1200 4384 1344 4480 pedem.

402 4488 594 4564 Pieridum
613 4488 727 4564 sacris
747 4492 884 4565 devota
901 4490 1051 4564 silentia
1067 4488 1227 4586 linquis3
1365 4550 1367 4553 .

507 4596 749 4695 Etstrepitus
767 4596 875 4679 aulae
894 4606 932 4671 et
949 4598 1144 4696 splendida
1162 4605 1262 4671 tecta
1279 4593 1391 4669 subis,

403 4702 525 4799 Atque
544 4704 690 4779 utinam
708 4704 882 4802 splendor
898 4704 1022 4795 socius
1040 4705 1220 4801 rectique*
1226 4701 1375 4800 piique,
1512 4715 1517 4765 Γ

508 4809 637 4911 Scylla
653 4836 721 4885 nec
738 4804 919 4903 incautis,
936 4801 1255 4912 naufragiumque
1274 4806 1403 4915 foretll
1437 4856 1438 4861 =

403 4915 526 5008 Quam
544 4918 659 5015 petis,
678 4917 785 5011 aula,
804 4918 896 5012 quid
914 4927 989 5010 est,
1007 4918 1080 4993 nisi
1096 4917 1262 5018 pontus?
1284 4914 1425 4991 scilicet
1444 4914 1546 5002 omni

507 5024 689 5124 Tempore
706 5026 822 5102 habet
840 5024 974 5100 dubias
991 5036 1128 5124 pontus
1148 5022 1292 5107 etaula
1309 5022 1420 5198 vicgs.
