4084 6000
932 1095 936 1103 .
958 1028 1058 1103 XIV.

661 1245 891 1334 Poroolrrosis
910 1245 955 1316 la·
968 1245 1011 1314 Il.
1031 1245 1129 1320 Odcss
1143 1246 1200 1316 10.
1222 1242 1364 1318 Horatii.

383 1414 495 1529 lone
514 1477 645 1552 rogas,
663 1450 804 1544 Licini,
821 1453 888 1548 qui
906 1463 1005 1529 recte
1026 1451 1152 1526 vivere
1170 1451 1320 1551 possis?

382 1561 452 1636 Eia
469 1558 561 1633 meis
580 1559 740 1634 docilem
757 1559 910 1633 monitis
929 1559 1115 1634 advertito
1134 1556 1309 1634 mentem.

384 1668 476 1742 Vita
494 1691 596 1740 mare
614 1677 690 1757 est,
710 1691 785 1763 quo
804 1692 870 1741 nos
890 1667 983 1741 velis
1002 1667 1190 1762 remisque
1208 1666 1380 1740 volamus

385 1774 564 1863 assiduo,
583 1775 756 1847 ardentes
774 1797 948 1847 securum
966 1785 1123 1874 tangere
1141 1784 1305 1872 portum.

386 1885 452 1958 Ast
470 1879 563 1953 beul
583 1892 677 1974 quot
694 1880 856 1979 scopulis
875 1889 994 1954 scatet
1011 1879 1126 1954 isthic
1143 1905 1275 1954 cursus
1293 1877 1432 1968 acutis,

386 1987 488 2079 Quot
507 1985 683 2060 monstris
701 1986 897 2082 ventisque
917 1985 1004 2061 feris
1024 1997 1061 2061 et
1078 1987 1231 2061 turbine
1249 1985 1380 2060 saevo!

388 2097 446 2172 Tu
464 2095 496 2168 si
513 2094 640 2167 salvus
660 2118 750 2167 aves
769 2113 986 2192 percurrere
1005 2094 1156 2168 caerula
1174 2093 1299 2192 ponti,

387 2204 463 2278 Fac
481 2201 649 2274 medium
667 2210 805 2275 teneas,
833 2199 908 2275 Nec
927 2200 967 2274 in
986 2201 1107 2290 altum
1125 2201 1281 2302 turgida
1299 2200 1386 2273 vela

390 2306 574 2411 Urgebis‚
593 2317 762 2382 temnens
781 2319 923 2408 syrtes,
942 2307 1157 2404 Caurosque
1176 2308 1356 2403 minaces3

391 2416 487 2508 Nec,
507 2415 538 2488 si
556 2425 688 2488 cautus
708 2439 769 2488 eas
789 2415 936 2513 rapidas
954 2409 1110 2490 vitando
1129 2415 1344 2513 procelles‚'

391 2524 483 2599 Plus
502 2522 601 2596 insto
619 2522 796 2613 timidus,
815 2545 970 2617 quaeres
988 2520 1062 2597 nisi
1080 2521 1170 2596 litus
1188 2521 1373 2617 iniquum.
1444 2530 1455 2619 J

497 2626 572 2718 Qui
590 2639 698 2702 curat
716 2631 828 2702 rebus
845 2629 1280 2730 prudensmediocribus
1298 2627 1376 2719 uti,

393 2737 580 2810 Fortunae
599 2736 702 2808 lusus
721 2737 833 2810 vultu
850 2747 1017 2837 spectare
1036 2758 1165 2810 sereno

393 2844 516 2918 Fortis
535 2842 620 2916 erit:
641 2843 766 2916 dubiis
785 2869 860 2917 non
879 2869 1048 2939 unquam
1065 2841 1216 2918 mobilis
1234 2841 1348 2916 auris.
1421 2893 1425 2900 -

394 2950 478 3026 Non
494 2950 624 3043 illum,
644 2949 675 3023 si
693 2948 774 3024 sata
791 2966 984 3050 premant,
1003 2976 1157 3026 onerare
1176 2947 1337 3046 querelis

394 3058 442 3133 Et
460 3058 607 3131 coelum
626 3067 664 3131 et
682 3066 800 3133 terras
820 3060 948 3156 audis3
967 3084 1043 3140 non
1061 3059 1248 3160 squallido
1265 3068 1385 3149 tecta,

396 3165 478 3240 Non
497 3190 665 3239 mensam
685 3166 824 3262 cernis3
843 3190 918 3239 non
935 3176 1057 3239 vestes
1076 3165 1247 3251 sordibus
1265 3176 1386 3244 atras:

395 3272 447 3347 Ut
465 3271 589 3372 digito
608 3284 840 3364 monstrans,
858 3272 985 3347 enhic
1003 3298 1124 3347 novus
1143 3271 1295 3347 Euclio!
1315 3272 1426 3346 dicas.

398 3379 470 3454 Sed
488 3403 555 3451 nec
574 3378 718 3451 vicinas
736 3378 891 3452 molitur
910 3380 1078 3463 nubibus
1097 3381 1206 3453 aedes

397 3485 563 3561 Gemmis
582 3495 696 3579 atque
716 3495 816 3558 ostro
835 3486 964 3585 gravis
983 3497 1020 3559 et
1038 3484 1210 3564 sublimis
1229 3490 1371 3561 eburno

398 3593 520 3668 Curru
539 3560 665 3667 editos
684 3592 837 3687 quosvis
857 3591 1011 3684 feriens,
1031 3592 1240 3688 animisque
1260 3592 1399 3668 feroces

398 3698 567 3775 Invidiae
586 3699 759 3783 'stimulos
778 3699 901 3773 studio
920 3699 1134 3801 intorquere
1153 3699 1338 3775 laborans.
1394 3746 1397 3753 -

506 3805 655 3881 Scilicet
673 3804 845 3906 ingentes
863 3805 1058 3905 agitantur
1076 3806 1224 3905 saepius
1243 3806 1324 3881 orni
1414 3872 1418 3876 .

399 3914 610 3989 Ventorum
628 3913 751 3987 rabie:
771 3925 811 3988 at
829 3914 969 4014 corylis
988 3914 1077 3989 licet
1095 3939 1175 3988 esse
1194 3914 1343 4010 quietis.

399 4020 449 4096 Et
467 4022 585 4095 celsae
604 4030 725 4098 turres
745 4044 833 4097 casu
851 4021 1027 4121 graviore
1045 4018 1219 4095 feruntur

400 4127 649 4226 Praecipites,
668 4152 907 4223 summosque
921 4138 1062 4228 'petunt
1078 4154 1181 4228 vaga
1199 4126 1359 4203 fulmina
1376 4138 1531 4203 montes.

402 4237 487 4310 Alta
504 4233 598 4335 petit
615 4234 806 4326 Phaeton‚
825 4261 893 4310 nec
911 4235 1058 4309 viribus
1077 4261 1220 4332 aequa,
1239 4234 1385 4333 paterni

402 4344 453 4419 Ut
471 4367 565 4441 puer
583 4341 784 4416 indomitas
802 4367 933 4416 currus
952 4352 1062 4442 regat
1079 4367 1165 4416 acer
1182 4343 1367 4417 habenas:

402 4452 451 4526 At
469 4450 582 4523 miser
598 4448 752 4523 Eridani
770 4449 895 4547 lapsus
912 4450 1129 4523 tumulatur
1146 4449 1186 4522 in
1204 4448 1326 4524 undis.

401 4559 458 4635 Tu
478 4582 648 4654 quoquc,
667 4555 784 4655 patris
803 4582 928 4648 amor,
947 4555 1051 4631 facili
1070 4556 1201 4657 gavise
1220 4558 1351 4632 volatu

401 4666 523 4757 locere,
542 4664 575 4738 si
592 4673 738 4763 patrem
757 4664 888 4739 malles
908 4664 1040 4738 audire
1061 4675 1297 4755 monentem,

402 4774 589 4863 VitasseS,
608 4797 655 4845 ne
673 4767 929 4845 flammivomi
940 4768 1042 4845 frons
1059 4772 1234 4870 proxima
1253 4770 1340 4846 solis

402 4880 530 4972 Obsit,
548 4890 586 4953 et
604 4878 697 4951 haec
714 4902 894 4951 revocans
912 4878 1059 4970 „medio
1078 4879 1287 4953 tutissimus
1305 4876 1401 4951 ibis“
1450 4919 1454 4923 -

402 4988 530 5061 Verba
549 4979 685 5085 patrm,
702 5009 777 5058 non
794 4985 965 5060 cessisses
983 4996 1051 5060 tua
1070 4987 1221 5061 nomina
1239 4995 1365 5085 ponto.
