4084 6000
952 1108 973 1148 a

820 1171 841 1210 d}
1081 1171 1102 1212 a

350 1387 354 1393 .
380 1321 452 1396 Sed
469 1323 566 1414 iarn,
584 1335 761 1397 votorum
780 1320 906 1398 suerat
923 1349 1021 1419 quae
1040 1347 1188 1398 summa
1205 1336 1380 1419 tuorum,

484 1428 611 1504 Verna
629 1428 709 1504 dies
727 1455 821 1530 puro
841 1430 990 1530 spargit
1006 1435 1055 1504 ab
1074 1455 1145 1504 axe
1165 1428 1276 1507 faces.

379 1536 431 1611 Ut
448 1537 576 1611 stabili
593 1560 700 1610 66166
718 1538 881 1612 societur
897 1537 1047 1612 foedere
1066 1561 1223 1636 sponsae

485 1642 595 1718 Ostro
614 1644 785 1718 sublimis
802 1645 880 1720 iam
898 1645 970 1719 tibi
987 1646 1138 1745 praesul
1157 1648 1273 1720 adest.

378 1751 543 1849 Aspicis,
561 1762 605 1823 ut
622 1776 756 1851 gressu
774 1752 875 1826 cives
893 1763 1117 1852 properante
1137 1753 1310 1828 laborent

483 1856 639 1932 Oemere
656 1859 816 1958 pastoris
833 1859 1005 1934 cominus
1024 1883 1089 1934 ora
1107 1861 1196 1934 sui‘?

376 1965 468 2038 Pars
487 1989 606 2065 genus
626 1977 783 2040 etseras
801 1978 1012 2041 memorant
1030 1979 1066 2040 et
1084 1967 1246 2066 grandia
1264 1971 1422 2042 avorum
1526 2021 1529 2028 -

479 2072 617 2165 Facta,
635 2073 773 2168 quibus
790 2073 897 2148 venit
914 2074 1124 2151 nobilitatis
1142 2074 1273 2148 honos.
1365 2127 1369 2136 ·

375 2177 447 2251 Hio
465 2180 529 2253 Lu
540 2204 559 2252 e
570 2205 640 2254 am
658 2205 866 2281 proavum,
892 2181 1064 2281 geminos
1082 2193 1189 2256 sonat
1207 2181 1271 2256 1116
1289 2183 1518 2275 Iaoobos‚

479 2285 650 2376 Quorum
668 2288 763 2362 alter
781 2301 868 2362 nato
887 2289 961 2362 hoo
978 2289 1150 2389 praesule
1169 2288 1308 2389 dignus
1326 2302 1418 2364 erat.

374 2391 441 2466 Est
458 2393 542 2466 aliis
560 2419 671 2469 ourae
690 2394 847 2470 fratrem
866 2409 1076 2470 monstrare
1095 2395 1202 2470 Iose
1212 2396 1379 2495 phum,

480 2499 651 2574 Eximius
670 2503 819 2578 comitis
838 2504 905 2598 qui
923 2505 1162 2604 genitusque
1180 2503 1293 2577 vices

378 2607 473 2682 Sunt
491 2633 641 2704 quoque
660 2611 824 2684 natalem
842 2611 970 2710 dignis
988 2611 1055 2706 qui
1072 2609 1248 2687 laudibus
1268 2623 1401 2685 ornent
1412 2635 1428 2702 ,·

481 2714 551 2790 Oui
570 2717 725 2791 dederas
743 2742 880 2792 nomen
899 2741 1040 2817 magna
1058 2715 1301 2808 Theresa‚
1319 2718 1454 2792 locum.

375 2821 477 2895 Haeo
494 2834 649 2896 teneant
667 2824 784 2898 alios:
803 2849 871 2897 nos
889 2825 1033 2915 virtus,
1051 2824 1224 2915 Paule,
1244 2835 1430 2917 moretur,

479 2926 583 3019 Quae
602 2941 729 3005 vestro
743 2932 943 3030 ,⁴praesul,
961 2942 1109 3032 pectore
1128 2930 1249 3005 multa
1267 2930 1393 3007 mioat.

373 3034 403 3108 F
405 3036 530 3111 allor‘?
550 3062 598 3111 an
617 3037 783 3137 ingenuo
802 3039 911 3138 pingi
929 3051 998 3113 tua
1015 3038 1124 3113 labra
1141 3041 1284 3138 pudore

479 3142 528 3218 Et
546 3144 676 3218 niveas
694 3146 805 3220 video
823 3147 934 3221 dulee
952 3149 1087 3220 rubere
1105 3148 1252 3245 genas?

374 3247 522 3348 Quippe
539 3252 643 3325 volet
660 3253 814 3327 meritas
831 3254 954 3327 vitare
973 3252 1156 3327 modestia
1174 3254 1322 3351 laudes3

480 3357 546 3432 Sat
564 3383 658 3453 quas
676 3360 817 3433 iudioio
835 3360 1086 3458 promeruisse
1105 3372 1172 3434 tuo
1191 3373 1259 3434 est.

376 3463 458 3562 lpse
475 3476 582 3562 pater
600 3467 743 3565 patriae
762 3467 906 3562 siquas
925 3461 1109 3562 ornatque
1127 3470 1336 3565 probatque

479 3571 647 3647 Candida
663 3574 827 3648 virtutes
846 3600 955 3648 musa
972 3576 1088 3649 latere
1107 3585 1221 3648 vetat.

375 3675 468 3766 Quis
486 3680 604 3753 nesoit
623 3681 736 3755 sacris
755 3682 900 3755 cultum
919 3682 1130 3776 studiisque
1149 3680 1335 3779 profanis,

480 3784 678 3883 Quamque
698 3800 805 3862 tenor
822 3787 925 3864 vitae
944 3789 992 3862 sit
1010 3790 1089 3862 sine
1106 3788 1192 3863 labe
1210 3791 1328 3864 tuae?

375 3891 599 3991 Relligionis
619 3921 744 3986 amor,
763 3895 915 3993 pietatis
934 3896 1064 3970 sedula
1083 3921 1194 3987 eura,

478 4003 538 4074 An
556 4001 627 4075 tibi
645 4027 721 4076 non
739 4027 887 4101 semper
905 4005 1061 4097 duxque
1079 4026 1278 4096 comesque
1298 3999 1401 4075 fuit?

373 4104 496 4196 Quam
516 4109 652 4200 6611111,
671 4106 812 4201 facila,
833 4136 948 4205 quam
968 4107 1090 4183 fastus
1108 4108 1256 4183 nescius
1275 4108 1417 4201 omnia,

478 4212 606 4303 Quam
620 4215 713 4290 iusti
731 4217 853 4290 eultor
873 4216 1131 4316 propositique
1147 4218 1297 4290 tenax?

372 4319 491 4419 Agria
508 4346 596 4395 oum
614 4322 789 4414 0616616,
807 4323 1026 4415 Pastinum,
1051 4348 1191 4422 magna
1209 4323 1357 4398 Vienna
1441 4422 1442 4431 ἵ

478 4428 531 4501 Te
547 4429 664 4503 talem
682 4430 800 4503 musis
819 4431 1018 4505 excoluere
1038 4430 1126 4503 suis.

370 4534 442 4609 Ter
460 4545 499 4607 te
517 4533 666 4626 felioem
685 4548 835 4636 pastore
855 4537 1100 4629 Osatalia,
1118 4535 1340 4630 Bukkin‚

476 4644 599 4738 Atque
618 4642 922 4719 Karankova
940 4670 978 4717 se
997 4669 1097 4717 nuno
1116 4668 1266 4739 quoque
1285 4655 1398 4743 grata
1415 4642 1542 4721 refert.

371 4748 577 4852 Praecipue
595 4752 718 4825 natale
736 4751 881 4841 solum,
901 4750 962 4823 eui
979 4750 1112 4824 sideris
1131 4751 1252 4825 instar

475 4856 630 4931 Dudum
648 4855 807 4957 fulgetis
822 4868 941 4952 tuque
959 4882 1156 4956 genusque
1173 4868 1294 4932 tuum.

369 4959 470 5051 Quid
488 4965 668 5056 Paulum,
686 4964 921 5063 Stephanum
938 4962 1133 5040 referam?
1163 4965 1257 5059 quid
1273 4964 1582 5064 Maxmilianum,

475 5068 646 5170 Insigues
664 5070 830 5169 patriae,
847 5069 970 5147 Marto
988 5074 1192 5169 probante,
1209 5069 1343 5146 viros?
