4084 6000
990 576 1039 648 39

907 687 1118 700 —a———a

854 894 1057 998 Elegia
1078 896 1173 992 w.

379 1112 432 1181 Ad
457 1113 594 1183 Petrum
610 1123 892 1183 Knosuslczlrr‘
910 1117 1028 1186 abac
1054 1116 1213 1203 Leopoub
1231 1119 1444 1205 imperatoris
1457 1126 1493 1189 ct
1510 1138 1644 1190 munere

536 1238 699 1307 octobon
717 1240 764 1308 od
781 1237 933 1308 tmolum
949 1243 1180 1327 rmtcmoirum
1199 1247 1353 1311 1111111111
1375 1240 1485 1311 1827.

429 1385 599 1520 liberm,
617 1453 739 1502 novus
758 1431 858 1505 unde
876 1429 972 1504 mihi
991 1441 1097 1524 tua,
1116 1432 1324 1508 maxime
1343 1433 1572 1525 Praesul,

311 1538 314 1540 ’
532 1534 694 1609 Nomina
711 1536 941 1614 carminibus
960 1539 1093 1614 tollere
1112 1537 1240 1614 fervor
1258 1538 1355 1613 inest
1365 1541 1385 1612 ‘l

427 1641 476 1717 Et
494 1668 594 1716 nova
611 1654 649 1718 te
668 1657 856 1720 exornant
874 1646 1098 1722 meritorum
1115 1645 1302 1746 insignia,
1319 1670 1460 1744 praes
1474 1647 1510 1722 ul

533 1749 583 1824 Et
602 1777 722 1826 novus
741 1762 817 1844 est,
837 1752 949 1828 hodie
967 1750 1035 1848 qui
1053 1753 1150 1828 tibi
1168 1753 1315 1853 surgit,
1336 1753 1464 1828 honos.

426 1855 615 1932 Exultant
632 1883 825 1957 proceres,
845 1861 1043 1959 applaudit
1060 1860 1205 1960 patria,
1225 1860 1351 1960 dignis

531 1966 632 2039 Dum
651 1990 760 2040 caes
771 1992 823 2042 ar
840 1968 979 2042 statuit
996 1968 1165 2066 praemia
1182 1967 1284 2042 iusta
1301 1967 1404 2042 viris.

426 2071 561 2147 Annon
578 2072 743 2150 laetitiae
762 2086 937 2174 promant
956 2076 1182 2151 documenta
1199 2100 1419 2167 camaenas,

530 2178 645 2270 Queis
663 2207 822 2281 magnos
841 2181 987 2275 meritis
1005 2183 1114 2257 dulce
1134 2207 1266 2258 sonare
1285 2183 1419 2258 viros?

323 2316 327 2323 ·
424 2284 472 2359 Et
490 2287 692 2383 quisquam
713 2288 836 2364 fuerat
854 2291 940 2387 plus
959 2289 1019 2362 his
1037 2300 1082 2364 te
1101 2289 1265 2366 iunctior
1283 2291 1400 2382 alter,

528 2396 646 2489 Inque
665 2421 732 2480 suo
749 2395 896 2495 pretio,
914 2397 1026 2491 quale
1044 2407 1259 2488 merentur,
1277 2397 1421 2475 habet?

422 2499 505 2576 Non
524 2502 634 2594 satiS,
652 2503 712 2576 his
731 2529 840 2578 aures
859 2513 906 2576 te
924 2529 1072 2602 semper
1091 2506 1245 2578 reddere
1266 2505 1443 2593 blandas,

528 2607 611 2683 Non
629 2609 741 2704 satis,
757 2611 954 2711 ingenium
972 2611 1200 2709 percoluisse
1218 2622 1374 2707 tuum3

423 2714 496 2789 Sed
515 2715 690 2808 facis‚‚ut
706 2719 866 2792 miserae
884 2729 1040 2816 pateant
1058 2719 1151 2792 haec
1170 2743 1276 2792 sacra
1295 2717 1489 2792 iuventae:

527 2823 648 2898 Testis
667 2826 755 2898 ades
773 2825 895 2899 decies
912 2835 1021 2903 terna
1040 2837 1194 2898 caterua
1213 2824 1318 2898 mihi.

422 2930 506 3029 Tu,
526 2955 624 3025 quae
641 2931 843 3007 munificae
860 2933 945 3031 plus
962 2933 1084 3006 lustro
1104 2957 1258 3007 munere
1276 2934 1434 3021 dextrae

526 3040 670 3112 Ardens
689 3064 885 3114 musarum
903 3039 1036 3113 limina
1053 3042 1165 3114 docta
1184 3040 1298 3113 subis,

425 3143 534 3235 Quod
552 3145 672 3238 vivis,
690 3172 875 3242 veraeque
894 3146 996 3245 capis
1014 3159 1216 3245 praecepta
1234 3146 1387 3237 salutis,

526 3252 853 3353 Archi-praesuleo
870 3275 993 3329 nonne
1012 3253 1143 3327 favore
1162 3254 1298 3330 venit?

421 3357 568 3459 Quippe
586 3365 724 3460 probas
742 3360 870 3453 factm,
900 3360 1336 3437 excellentissime
1364 3365 1581 3459 praesul,

524 3468 680 3542 Artibus
698 3468 874 3568 ingenuis
893 3479 993 3542 stare
1011 3493 1173 3566 perenne
1192 3471 1315 3543 decue.

419 3572 563 3649 Nomen
582 3586 620 3648 et
638 3585 813 3649 aeternae
831 3575 921 3649 hinc
939 3575 1079 3649 vivunt
1096 3575 1295 3673 praeconia
1314 3574 1457 3667 famae,

521 3682 620 3755 Hinc
637 3682 779 3773 honor,
797 3682 887 3756 hinc
905 3681 1010 3774 tituli
1028 3682 1228 3782 gratiaque
1247 3683 1372 3779 ampla
1392 3684 1488 3762 fluit.

419 3787 550 3879 Quid?
570 3792 672 3884 quod
690 3800 729 3863 et
746 3789 933 3864 innocuae
948 3791 1159 3890 producant
1175 3788 1347 3887 germina
1367 3790 1489 3881 vitae,

493 3977 498 3983 ,
521 3895 572 3969 Et
588 3896 718 3971 niveos
738 3922 861 3972 mores
880 3896 1142 3990 iustitiamque
1162 3894 1303 3969 fovent.
1380 3977 1382 3985 ,

417 4003 533 4097 quue
552 4014 636 4077 tuo
655 4003 829 4101 exemplo
848 4011 955 4094 (nam
974 4027 1048 4076 eur.
1060 4002 1180 4076 aliena
1198 3998 1416 4101 petamus‘l)
1519 4064 1522 4069 .

521 4110 639 4183 Dulce
657 4113 771 4185 decus
788 4110 933 4208 patriae
951 4110 1222 4204 deliciumque,
1240 4118 1355 4207 patet.

415 4216 544 4293 Gloria
560 4228 613 4291 tu
631 4217 722 4291 cleri
739 4228 779 4290 et
795 4218 938 4315 priscae
957 4216 1111 4292 virtutis
1130 4217 1258 4317 imago
1279 4241 1338 4307 es,

520 4323 755 4399 Praesidium
775 4324 913 4415 musis,
932 4323 1142 4423 relligionis
1162 4349 1276 4398 amor.

415 4430 509 4506 cum
527 4443 574 4505 te
593 4431 843 4529 conspicimus
862 4432 990 4506 divino
1009 4434 1143 4505 ardore
1162 4431 1389 4526 liquentem,

520 4537 708 4612 Dicimus:
728 4536 790 4609 hic
809 4537 902 4613 arsit
919 4551 1092 4637 pectore,
1111 4538 1249 4629 Paule,
1266 4547 1344 4611 tuo,

415 4643 567 4735 Quanta
583 4644 680 4718 tibi
697 4643 838 4742 pietas,
856 4668 976 4738 quum
994 4670 1101 4719 sacro
1119 4644 1284 4742 percitus
1304 4655 1446 4737 cestre,

519 4754 648 4827 Verba
666 4750 781 4843 facie,
797 4752 860 4823 vel
879 4776 998 4846 quum
1015 4752 1182 4853 mystica
1195 4754 1298 4827 'dona
1315 4752 1420 4827 litas!

414 4857 507 4949 Quis
524 4884 616 4931 vero
634 4859 763 4957 largae
782 4858 988 4935 celebrabit
1004 4884 1163 4933 munera
1181 4861 1368 4933 dextrae?

519 4965 660 5057 Quisve
678 4991 841 5056 novum,
858 4966 1029 5063 praesul,
1047 4966 1189 5040 nesciat
1207 4991 1286 5057 esse
1306 4965 1463 5043 Titum?
