<?xml version="1.0" encoding="UTF-8"?>
<!DOCTYPE html PUBLIC "-//W3C//DTD XHTML 1.0 Transitional//EN"
    "http://www.w3.org/TR/xhtml1/DTD/xhtml1-transitional.dtd">
<html xmlns="http://www.w3.org/1999/xhtml" xml:lang="en" lang="en">
 <head>
  <title>
</title>
<meta http-equiv="Content-Type" content="text/html;charset=utf-8" />
  <meta name='ocr-system' content='tesseract 3.04.00' />
  <meta name='ocr-capabilities' content='ocr_page ocr_carea ocr_par ocr_line ocrx_word'/>
</head>
<body>
  <div class='ocr_page' id='page_1' title='image "./poematumlibrise00jallgoog_0201.png"; bbox 0 0 4084 6000; ppageno 0'>
   <div class='ocr_carea' id='block_1_1' title="bbox 931 620 1029 694">
    <p class='ocr_par' dir='ltr' id='par_1_1' title="bbox 931 620 1029 694">
     <span class='ocr_line' id='line_1_1' title="bbox 931 620 1029 694; baseline 0 0"><span class='ocrx_word' id='word_1_1' title='bbox 931 655 934 666; x_wconf 95' lang='lat'><em>·</em></span> <span class='ocrx_word' id='word_1_2' title='bbox 956 620 1029 694; x_wconf 82' lang='grc'>169</span> 
     </span>
    </p>
   </div>
   <div class='ocr_carea' id='block_1_2' title="bbox 325 825 1488 2205">
    <p class='ocr_par' dir='ltr' id='par_1_2' title="bbox 368 825 1233 930">
     <span class='ocr_line' id='line_1_2' title="bbox 368 825 1233 930; baseline 0.012 -32"><span class='ocrx_word' id='word_1_3' title='bbox 368 825 581 904; x_wconf 86' lang='lat' dir='ltr'>Hirrdustan</span> <span class='ocrx_word' id='word_1_4' title='bbox 599 829 767 930; x_wconf 79' lang='lat' dir='ltr'>conlecta</span> <span class='ocrx_word' id='word_1_5' title='bbox 787 832 896 906; x_wconf 85' lang='lat' dir='ltr'>malis</span> <span class='ocrx_word' id='word_1_6' title='bbox 912 844 951 906; x_wconf 88' lang='lat' dir='ltr'>et</span> <span class='ocrx_word' id='word_1_7' title='bbox 969 834 1100 908; x_wconf 87' lang='lat' dir='ltr'>Persia</span> <span class='ocrx_word' id='word_1_8' title='bbox 1117 834 1233 909; x_wconf 86' lang='lat' dir='ltr'>dives.</span> 
     </span>
    </p>

    <p class='ocr_par' dir='ltr' id='par_1_3' title="bbox 325 931 1453 1361">
     <span class='ocr_line' id='line_1_3' title="bbox 367 931 1332 1039; baseline 0.009 -33"><span class='ocrx_word' id='word_1_9' title='bbox 367 931 426 1008; x_wconf 88' lang='lat' dir='ltr'>Nil</span> <span class='ocrx_word' id='word_1_10' title='bbox 445 936 580 1011; x_wconf 84' lang='lat' dir='ltr'>Tanais</span> <span class='ocrx_word' id='word_1_11' title='bbox 598 937 736 1012; x_wconf 86' lang='lat' dir='ltr'>diffusa</span> <span class='ocrx_word' id='word_1_12' title='bbox 755 938 885 1030; x_wconf 87' lang='lat' dir='ltr'>undis,</span> <span class='ocrx_word' id='word_1_13' title='bbox 904 939 956 1012; x_wconf 91' lang='lat' dir='ltr'>nil</span> <span class='ocrx_word' id='word_1_14' title='bbox 976 941 1102 1039; x_wconf 82' lang='lat' dir='ltr'>Volga</span> <span class='ocrx_word' id='word_1_15' title='bbox 1122 953 1332 1032; x_wconf 86' lang='lat' dir='ltr'>merantur,</span> 
     </span>
     <span class='ocr_line' id='line_1_4' title="bbox 365 1041 1388 1147; baseline 0.009 -33"><span class='ocrx_word' id='word_1_16' title='bbox 365 1041 502 1118; x_wconf 88' lang='lat' dir='ltr'>Russia</span> <span class='ocrx_word' id='word_1_17' title='bbox 518 1044 611 1140; x_wconf 89' lang='lat' dir='ltr'>quin</span> <span class='ocrx_word' id='word_1_18' title='bbox 629 1056 773 1120; x_wconf 85' lang='lat' dir='ltr'>vestros</span> <span class='ocrx_word' id='word_1_19' title='bbox 790 1045 913 1145; x_wconf 84' lang='lat' dir='ltr'>glacia</span> <span class='ocrx_word' id='word_1_20' title='bbox 932 1045 1158 1142; x_wconf 73' lang='lat' dir='ltr'>nivibusque</span> <span class='ocrx_word' id='word_1_21' title='bbox 1176 1048 1340 1147; x_wconf 80' lang='lat' dir='ltr'>rigentes</span> <span class='ocrx_word' id='word_1_22' title='bbox 1384 1079 1388 1087; x_wconf 94' lang='lat'>·</span> 
     </span>
     <span class='ocr_line' id='line_1_5' title="bbox 367 1147 1453 1251; baseline 0.007 -29"><span class='ocrx_word' id='word_1_23' title='bbox 367 1147 487 1224; x_wconf 85' lang='lat' dir='ltr'>Saeva</span> <span class='ocrx_word' id='word_1_24' title='bbox 503 1162 608 1248; x_wconf 90' lang='lat' dir='ltr'>petat</span> <span class='ocrx_word' id='word_1_25' title='bbox 626 1163 780 1228; x_wconf 82' lang='lat' dir='ltr'>montes.</span> <span class='ocrx_word' id='word_1_26' title='bbox 807 1153 892 1228; x_wconf 82' lang='lat' dir='ltr'>Iam</span> <span class='ocrx_word' id='word_1_27' title='bbox 907 1153 1046 1250; x_wconf 82' lang='lat' dir='ltr'>pernix·</span> <span class='ocrx_word' id='word_1_28' title='bbox 1060 1153 1257 1251; x_wconf 82' lang='lat' dir='ltr'>splendida</span> <span class='ocrx_word' id='word_1_29' title='bbox 1274 1156 1453 1251; x_wconf 86' lang='lat' dir='ltr'>Mosquae</span> 
     </span>
     <span class='ocr_line' id='line_1_6' title="bbox 325 1251 1356 1361; baseline 0.008 -33"><span class='ocrx_word' id='word_1_30' title='bbox 325 1269 327 1274; x_wconf 81' lang='grc'>’</span> <span class='ocrx_word' id='word_1_31' title='bbox 365 1251 481 1330; x_wconf 64' lang='lat' dir='ltr'>Tecta*</span> <span class='ocrx_word' id='word_1_32' title='bbox 496 1258 616 1348; x_wconf 84' lang='lat' dir='ltr'><strong>subit,</strong></span> <span class='ocrx_word' id='word_1_33' title='bbox 635 1259 849 1359; x_wconf 74' lang='lat' dir='ltr'>passimque</span> <span class='ocrx_word' id='word_1_34' title='bbox 869 1257 977 1335; x_wconf 85' lang='lat' dir='ltr'>ferox</span> <span class='ocrx_word' id='word_1_35' title='bbox 996 1263 1200 1358; x_wconf 78' lang='lat' dir='ltr'>praedatur</span> <span class='ocrx_word' id='word_1_36' title='bbox 1218 1285 1356 1361; x_wconf 88' lang='lat' dir='ltr'>egenos</span> 
     </span>
    </p>

    <p class='ocr_par' dir='ltr' id='par_1_4' title="bbox 366 1361 1247 1464">
     <span class='ocr_line' id='line_1_7' title="bbox 366 1361 1247 1464; baseline 0.009 -30"><span class='ocrx_word' id='word_1_37' title='bbox 366 1361 437 1436; x_wconf 89' lang='lat' dir='ltr'>Hic</span> <span class='ocrx_word' id='word_1_38' title='bbox 456 1361 566 1438; x_wconf 91' lang='lat' dir='ltr'>cives.</span> <span class='ocrx_word' id='word_1_39' title='bbox 586 1363 668 1438; x_wconf 89' lang='lat' dir='ltr'>Non</span> <span class='ocrx_word' id='word_1_40' title='bbox 687 1365 899 1464; x_wconf 87' lang='lat' dir='ltr'>Petropolis</span> <span class='ocrx_word' id='word_1_41' title='bbox 917 1391 992 1440; x_wconf 87' lang='lat' dir='ltr'>nnn</span> <span class='ocrx_word' id='word_1_42' title='bbox 1009 1377 1133 1441; x_wconf 86' lang='lat' dir='ltr'>cetera</span> <span class='ocrx_word' id='word_1_43' title='bbox 1150 1370 1247 1442; x_wconf 83' lang='lat' dir='ltr'>tanti</span> 
     </span>
    </p>

    <p class='ocr_par' dir='ltr' id='par_1_5' title="bbox 365 1469 1232 1571">
     <span class='ocr_line' id='line_1_8' title="bbox 365 1469 1232 1571; baseline 0.007 -29"><span class='ocrx_word' id='word_1_44' title='bbox 365 1469 457 1542; x_wconf 87' lang='lat' dir='ltr'>Pars</span> <span class='ocrx_word' id='word_1_45' title='bbox 476 1485 602 1544; x_wconf 85' lang='lat' dir='ltr'>manet</span> <span class='ocrx_word' id='word_1_46' title='bbox 620 1471 769 1571; x_wconf 87' lang='lat' dir='ltr'>imperii</span> <span class='ocrx_word' id='word_1_47' title='bbox 788 1470 936 1548; x_wconf 81' lang='lat' dir='ltr'>funesto</span> <span class='ocrx_word' id='word_1_48' title='bbox 954 1485 1085 1571; x_wconf 84' lang='lat' dir='ltr'>erepta</span> <span class='ocrx_word' id='word_1_49' title='bbox 1102 1473 1232 1548; x_wconf 85' lang='lat' dir='ltr'>furori.</span> 
     </span>
    </p>

    <p class='ocr_par' dir='ltr' id='par_1_6' title="bbox 364 1569 1488 2097">
     <span class='ocr_line' id='line_1_9' title="bbox 364 1569 1356 1679; baseline 0.007 -31"><span class='ocrx_word' id='word_1_50' title='bbox 364 1569 543 1650; x_wconf 83' lang='lat' dir='ltr'>Transilit</span> <span class='ocrx_word' id='word_1_51' title='bbox 562 1589 600 1651; x_wconf 89' lang='lat' dir='ltr'>et</span> <span class='ocrx_word' id='word_1_52' title='bbox 618 1578 763 1679; x_wconf 78' lang='lat' dir='ltr'>Tyrum</span> <span class='ocrx_word' id='word_1_53' title='bbox 780 1579 1010 1678; x_wconf 76' lang='lat' dir='ltr'>propinate,</span> <span class='ocrx_word' id='word_1_54' title='bbox 1030 1581 1202 1671; x_wconf 79' lang='lat' dir='ltr'>Vistula,</span> <span class='ocrx_word' id='word_1_55' title='bbox 1219 1583 1356 1656; x_wconf 85' lang='lat' dir='ltr'>sensim</span> 
     </span>
     <span class='ocr_line' id='line_1_10' title="bbox 364 1680 1488 1786; baseline 0.008 -31"><span class='ocrx_word' id='word_1_56' title='bbox 364 1684 571 1756; x_wconf 81' lang='lat' dir='ltr'>Accedens:</span> <span class='ocrx_word' id='word_1_57' title='bbox 589 1685 797 1781; x_wconf 86' lang='lat' dir='ltr'>crescitque</span> <span class='ocrx_word' id='word_1_58' title='bbox 817 1685 905 1760; x_wconf 88' lang='lat' dir='ltr'>feris</span> <span class='ocrx_word' id='word_1_59' title='bbox 923 1686 1138 1786; x_wconf 76' lang='lat' dir='ltr'>pugnisque</span> <span class='ocrx_word' id='word_1_60' title='bbox 1156 1686 1350 1784; x_wconf 81' lang='lat' dir='ltr'>fameque,</span> <span class='ocrx_word' id='word_1_61' title='bbox 1484 1680 1488 1690; x_wconf 67' lang='grc'>’</span> 
     </span>
     <span class='ocr_line' id='line_1_11' title="bbox 365 1787 1390 1892; baseline 0.008 -30"><span class='ocrx_word' id='word_1_62' title='bbox 365 1787 412 1862; x_wconf 86' lang='lat' dir='ltr'>Et</span> <span class='ocrx_word' id='word_1_63' title='bbox 430 1788 564 1864; x_wconf 81' lang='lat' dir='ltr'>misere</span> <span class='ocrx_word' id='word_1_64' title='bbox 581 1791 798 1886; x_wconf 87' lang='lat' dir='ltr'>Russcsque</span> <span class='ocrx_word' id='word_1_65' title='bbox 817 1793 941 1887; x_wconf 88' lang='lat' dir='ltr'>quatit</span> <span class='ocrx_word' id='word_1_66' title='bbox 958 1805 1185 1892; x_wconf 81' lang='lat' dir='ltr'>gentemque</span> <span class='ocrx_word' id='word_1_67' title='bbox 1204 1796 1390 1892; x_wconf 88' lang='lat' dir='ltr'>polonam.</span> 
     </span>
     <span class='ocr_line' id='line_1_12' title="bbox 365 1894 1378 2001; baseline 0.006 -31"><span class='ocrx_word' id='word_1_68' title='bbox 365 1894 478 1970; x_wconf 85' lang='lat' dir='ltr'>Ecce!</span> <span class='ocrx_word' id='word_1_69' title='bbox 496 1895 652 1988; x_wconf 86' lang='lat' dir='ltr'>Dibics,</span> <span class='ocrx_word' id='word_1_70' title='bbox 663 1911 784 1974; x_wconf 88' lang='lat' dir='ltr'>terror</span> <span class='ocrx_word' id='word_1_71' title='bbox 802 1899 1031 1991; x_wconf 73' lang='lat' dir='ltr'>Turturum,</span> <span class='ocrx_word' id='word_1_72' title='bbox 1049 1913 1166 1995; x_wconf 89' lang='lat' dir='ltr'>tuque</span> <span class='ocrx_word' id='word_1_73' title='bbox 1183 1901 1378 2001; x_wconf 86' lang='lat' dir='ltr'>flagellum</span> 
     </span>
     <span class='ocr_line' id='line_1_13' title="bbox 365 2002 1285 2097; baseline 0.008 -23"><span class='ocrx_word' id='word_1_74' title='bbox 365 2002 529 2077; x_wconf 86' lang='lat' dir='ltr'>Invisum</span> <span class='ocrx_word' id='word_1_75' title='bbox 549 2004 728 2095; x_wconf 88' lang='lat' dir='ltr'>Lechiae,</span> <span class='ocrx_word' id='word_1_76' title='bbox 747 2005 1118 2097; x_wconf 74' lang='lat' dir='ltr'>trun,Ocrrstantirre,</span> <span class='ocrx_word' id='word_1_77' title='bbox 1135 2008 1285 2082; x_wconf 87' lang='lat' dir='ltr'>iacetisl</span> 
     </span>
    </p>

    <p class='ocr_par' dir='ltr' id='par_1_7' title="bbox 364 2107 943 2205">
     <span class='ocr_line' id='line_1_14' title="bbox 364 2107 943 2205; baseline 0.009 -24"><span class='ocrx_word' id='word_1_78' title='bbox 364 2107 456 2198; x_wconf 79' lang='lat' dir='ltr'>Quis</span> <span class='ocrx_word' id='word_1_79' title='bbox 475 2111 638 2205; x_wconf 88' lang='lat' dir='ltr'>reliquos</span> <span class='ocrx_word' id='word_1_80' title='bbox 656 2115 856 2188; x_wconf 71' lang='lat' dir='ltr'>numeret?</span> <span class='ocrx_word' id='word_1_81' title='bbox 876 2126 943 2186; x_wconf 88' lang='lat' dir='ltr'>etc.</span> 
     </span>
    </p>
   </div>
   <div class='ocr_carea' id='block_1_3' title="bbox 892 2457 1102 2468">
    <p class='ocr_par' dir='ltr' id='par_1_8' title="bbox 892 2457 1102 2468">
     <span class='ocr_line' id='line_1_15' title="bbox 892 2457 1102 2468; baseline 0.01 -2"><span class='ocrx_word' id='word_1_82' title='bbox 892 2457 1102 2468; x_wconf 66' lang='lat' dir='ltr'>—un——nuu—</span> 
     </span>
    </p>
   </div>
   <div class='ocr_carea' id='block_1_4' title="bbox 966 2752 1028 2824">
    <p class='ocr_par' dir='ltr' id='par_1_9' title="bbox 966 2752 1028 2824">
     <span class='ocr_line' id='line_1_16' title="bbox 966 2752 1028 2824; baseline 0 0"><span class='ocrx_word' id='word_1_83' title='bbox 966 2752 1028 2824; x_wconf 88' lang='lat' dir='ltr'>IX.</span> 
     </span>
    </p>
   </div>
   <div class='ocr_carea' id='block_1_5' title="bbox 443 2967 1548 3181">
    <p class='ocr_par' dir='ltr' id='par_1_10' title="bbox 443 2967 1548 3181">
     <span class='ocr_line' id='line_1_17' title="bbox 443 2967 1548 3058; baseline 0.003 -19"><span class='ocrx_word' id='word_1_84' title='bbox 443 2967 475 3039; x_wconf 87' lang='lat' dir='ltr'>S.</span> <span class='ocrx_word' id='word_1_85' title='bbox 495 2967 660 3055; x_wconf 76' lang='lat' dir='ltr'>dereptus</span> <span class='ocrx_word' id='word_1_86' title='bbox 679 2975 980 3058; x_wconf 65' lang='lat' dir='ltr'>cumsancr&#39;rus</span> <span class='ocrx_word' id='word_1_87' title='bbox 998 2967 1188 3039; x_wconf 75' lang='lat' dir='ltr'>scholaram</span> <span class='ocrx_word' id='word_1_88' title='bbox 1202 2972 1339 3056; x_wconf 76' lang='lat' dir='ltr'>piarum</span> <span class='ocrx_word' id='word_1_89' title='bbox 1361 2973 1548 3058; x_wconf 70' lang='lat' dir='ltr'>scrutator,</span> 
     </span>
     <span class='ocr_line' id='line_1_18' title="bbox 792 3093 1193 3181; baseline 0.002 -20"><span class='ocrx_word' id='word_1_90' title='bbox 792 3096 871 3181; x_wconf 73' lang='lat' dir='ltr'>pins</span> <span class='ocrx_word' id='word_1_91' title='bbox 888 3098 923 3163; x_wconf 77' lang='lat' dir='ltr'>in</span> <span class='ocrx_word' id='word_1_92' title='bbox 943 3094 1059 3164; x_wconf 70' lang='lat' dir='ltr'>onam.</span> <span class='ocrx_word' id='word_1_93' title='bbox 1083 3093 1193 3163; x_wconf 76' lang='lat'><strong><em>1832:</em></strong></span> 
     </span>
    </p>
   </div>
   <div class='ocr_carea' id='block_1_6' title="bbox 361 3242 1536 5089">
    <p class='ocr_par' dir='ltr' id='par_1_11' title="bbox 364 3242 1177 3381">
     <span class='ocr_line' id='line_1_19' title="bbox 364 3242 1177 3381; baseline 0.004 -27"><span class='ocrx_word' id='word_1_94' title='bbox 364 3242 483 3357; x_wconf 63' lang='lat' dir='ltr'>Ardet</span> <span class='ocrx_word' id='word_1_95' title='bbox 499 3308 625 3359; x_wconf 83' lang='lat' dir='ltr'>amore</span> <span class='ocrx_word' id='word_1_96' title='bbox 644 3285 714 3359; x_wconf 90' lang='lat' dir='ltr'>Dei</span> <span class='ocrx_word' id='word_1_97' title='bbox 732 3285 836 3359; x_wconf 90' lang='lat' dir='ltr'>coelo</span> <span class='ocrx_word' id='word_1_98' title='bbox 855 3281 1005 3357; x_wconf 74' lang='lat' dir='ltr'>defixus</span> <span class='ocrx_word' id='word_1_99' title='bbox 1023 3282 1177 3381; x_wconf 80' lang='lat' dir='ltr'>Ioseph3</span> 
     </span>
    </p>

    <p class='ocr_par' dir='ltr' id='par_1_12' title="bbox 363 3388 1358 3489">
     <span class='ocr_line' id='line_1_20' title="bbox 363 3388 1358 3489; baseline -0.001 -26"><span class='ocrx_word' id='word_1_100' title='bbox 363 3388 439 3463; x_wconf 88' lang='lat' dir='ltr'>Nec</span> <span class='ocrx_word' id='word_1_101' title='bbox 457 3390 533 3464; x_wconf 91' lang='lat' dir='ltr'>nisi</span> <span class='ocrx_word' id='word_1_102' title='bbox 551 3391 753 3483; x_wconf 89' lang='lat' dir='ltr'>sollicitus,</span> <span class='ocrx_word' id='word_1_103' title='bbox 772 3390 916 3489; x_wconf 86' lang='lat' dir='ltr'>superis</span> <span class='ocrx_word' id='word_1_104' title='bbox 934 3393 1037 3485; x_wconf 87' lang='lat' dir='ltr'>quod</span> <span class='ocrx_word' id='word_1_105' title='bbox 1054 3390 1247 3488; x_wconf 83' lang='lat' dir='ltr'>displicet,</span> <span class='ocrx_word' id='word_1_106' title='bbox 1266 3391 1358 3464; x_wconf 90' lang='lat' dir='ltr'>odit.</span> 
     </span>
    </p>

    <p class='ocr_par' dir='ltr' id='par_1_13' title="bbox 363 3496 1385 3597">
     <span class='ocr_line' id='line_1_21' title="bbox 363 3496 1385 3597; baseline -0.002 -26"><span class='ocrx_word' id='word_1_107' title='bbox 363 3496 412 3571; x_wconf 86' lang='lat' dir='ltr'>Et</span> <span class='ocrx_word' id='word_1_108' title='bbox 429 3497 521 3592; x_wconf 89' lang='lat' dir='ltr'>quia</span> <span class='ocrx_word' id='word_1_109' title='bbox 538 3497 649 3597; x_wconf 83' lang='lat' dir='ltr'>plena</span> <span class='ocrx_word' id='word_1_110' title='bbox 667 3499 745 3573; x_wconf 88' lang='lat' dir='ltr'>Deo</span> <span class='ocrx_word' id='word_1_111' title='bbox 763 3522 867 3574; x_wconf 86' lang='lat' dir='ltr'>mens</span> <span class='ocrx_word' id='word_1_112' title='bbox 886 3508 961 3587; x_wconf 91' lang='lat' dir='ltr'>est,</span> <span class='ocrx_word' id='word_1_113' title='bbox 980 3497 1069 3569; x_wconf 92' lang='lat' dir='ltr'>hinc</span> <span class='ocrx_word' id='word_1_114' title='bbox 1088 3497 1253 3571; x_wconf 88' lang='lat' dir='ltr'>sanctior</span> <span class='ocrx_word' id='word_1_115' title='bbox 1272 3500 1385 3570; x_wconf 84' lang='lat' dir='ltr'>ardor</span> 
     </span>
    </p>

    <p class='ocr_par' dir='ltr' id='par_1_14' title="bbox 363 3603 1523 3811">
     <span class='ocr_line' id='line_1_22' title="bbox 363 3603 1523 3707; baseline -0.002 -28"><span class='ocrx_word' id='word_1_116' title='bbox 363 3603 531 3703; x_wconf 79' lang='lat' dir='ltr'>Occupat</span> <span class='ocrx_word' id='word_1_117' title='bbox 548 3630 589 3679; x_wconf 88' lang='lat' dir='ltr'>os</span> <span class='ocrx_word' id='word_1_118' title='bbox 606 3605 852 3707; x_wconf 83' lang='lat' dir='ltr'>linguamque</span> <span class='ocrx_word' id='word_1_119' title='bbox 871 3604 974 3702; x_wconf 83' lang='lat' dir='ltr'>piam</span> <span class='ocrx_word' id='word_1_120' title='bbox 992 3626 1192 3699; x_wconf 76' lang='lat' dir='ltr'>rarumque</span> <span class='ocrx_word' id='word_1_121' title='bbox 1212 3604 1411 3697; x_wconf 88' lang='lat' dir='ltr'>loquelam.</span> <span class='ocrx_word' id='word_1_122' title='bbox 1521 3657 1523 3660; x_wconf 90' lang='lat'>-</span> 
     </span>
     <span class='ocr_line' id='line_1_23' title="bbox 435 3709 1390 3811; baseline 0 -25"><span class='ocrx_word' id='word_1_123' title='bbox 435 3795 437 3799; x_wconf 81' lang='lat'><em>.</em></span> <span class='ocrx_word' id='word_1_124' title='bbox 469 3710 640 3804; x_wconf 80' lang='lat' dir='ltr'>Scilicet,</span> <span class='ocrx_word' id='word_1_125' title='bbox 659 3724 703 3788; x_wconf 90' lang='lat' dir='ltr'>ut</span> <span class='ocrx_word' id='word_1_126' title='bbox 721 3712 886 3811; x_wconf 88' lang='lat' dir='ltr'>primum</span> <span class='ocrx_word' id='word_1_127' title='bbox 904 3709 1039 3784; x_wconf 82' lang='lat' dir='ltr'>vitales</span> <span class='ocrx_word' id='word_1_128' title='bbox 1059 3711 1238 3785; x_wconf 82' lang='lat' dir='ltr'>hauserat</span> <span class='ocrx_word' id='word_1_129' title='bbox 1257 3735 1390 3801; x_wconf 77' lang='lat' dir='ltr'>aurae,</span> 
     </span>
    </p>

    <p class='ocr_par' dir='ltr' id='par_1_15' title="bbox 363 3816 1240 3916">
     <span class='ocr_line' id='line_1_24' title="bbox 363 3816 1240 3916; baseline -0.003 -25"><span class='ocrx_word' id='word_1_130' title='bbox 363 3816 541 3891; x_wconf 81' lang='lat' dir='ltr'>Certatim</span> <span class='ocrx_word' id='word_1_131' title='bbox 560 3844 722 3916; x_wconf 88' lang='lat' dir='ltr'>puerum</span> <span class='ocrx_word' id='word_1_132' title='bbox 740 3826 866 3893; x_wconf 62' lang='lat' dir='ltr'>sacrae</span> <span class='ocrx_word' id='word_1_133' title='bbox 885 3817 1038 3891; x_wconf 85' lang='lat' dir='ltr'>cinxere</span> <span class='ocrx_word' id='word_1_134' title='bbox 1056 3840 1218 3889; x_wconf 86' lang='lat' dir='ltr'>sorores:</span> <span class='ocrx_word' id='word_1_135' title='bbox 1237 3855 1240 3865; x_wconf 90' lang='lat'>·</span> 
     </span>
    </p>

    <p class='ocr_par' dir='ltr' id='par_1_16' title="bbox 363 3922 1356 4024">
     <span class='ocr_line' id='line_1_25' title="bbox 363 3922 1356 4024; baseline -0.002 -28"><span class='ocrx_word' id='word_1_136' title='bbox 363 3922 468 3997; x_wconf 88' lang='lat' dir='ltr'>Mens</span> <span class='ocrx_word' id='word_1_137' title='bbox 487 3925 663 4001; x_wconf 85' lang='lat' dir='ltr'>devincta</span> <span class='ocrx_word' id='word_1_138' title='bbox 680 3926 797 4024; x_wconf 85' lang='lat' dir='ltr'>polis,</span> <span class='ocrx_word' id='word_1_139' title='bbox 816 3924 1170 3999; x_wconf 74' lang='lat' dir='ltr'>sacraereverentia</span> <span class='ocrx_word' id='word_1_140' title='bbox 1188 3922 1305 4021; x_wconf 87' lang='lat' dir='ltr'>legis,</span> <span class='ocrx_word' id='word_1_141' title='bbox 1354 3957 1356 3961; x_wconf 30' lang='lat' dir='ltr'>v</span> 
     </span>
    </p>

    <p class='ocr_par' dir='ltr' id='par_1_17' title="bbox 363 4028 1536 4130">
     <span class='ocr_line' id='line_1_26' title="bbox 363 4028 1536 4130; baseline -0.003 -28"><span class='ocrx_word' id='word_1_142' title='bbox 363 4028 411 4103; x_wconf 86' lang='lat' dir='ltr'>Et</span> <span class='ocrx_word' id='word_1_143' title='bbox 428 4030 567 4129; x_wconf 87' lang='lat' dir='ltr'>pietas,</span> <span class='ocrx_word' id='word_1_144' title='bbox 585 4057 809 4128; x_wconf 87' lang='lat' dir='ltr'>summoque</span> <span class='ocrx_word' id='word_1_145' title='bbox 827 4031 906 4105; x_wconf 89' lang='lat' dir='ltr'>Deo</span> <span class='ocrx_word' id='word_1_146' title='bbox 925 4042 1088 4130; x_wconf 85' lang='lat' dir='ltr'>cognata</span> <span class='ocrx_word' id='word_1_147' title='bbox 1106 4029 1292 4102; x_wconf 87' lang='lat' dir='ltr'>voluntas.</span> <span class='ocrx_word' id='word_1_148' title='bbox 1413 4054 1417 4059; x_wconf 92' lang='lat'>·</span> <span class='ocrx_word' id='word_1_149' title='bbox 1471 4036 1474 4042; x_wconf 85' lang='lat'>&#39;</span> <span class='ocrx_word' id='word_1_150' title='bbox 1532 4091 1536 4099; x_wconf 94' lang='lat'><em>.</em></span> 
     </span>
    </p>

    <p class='ocr_par' dir='ltr' id='par_1_18' title="bbox 362 4135 1371 4237">
     <span class='ocr_line' id='line_1_27' title="bbox 362 4135 1371 4237; baseline -0.002 -26"><span class='ocrx_word' id='word_1_151' title='bbox 362 4137 578 4237; x_wconf 83' lang='lat' dir='ltr'>Aspiciunt,</span> <span class='ocrx_word' id='word_1_152' title='bbox 596 4154 842 4233; x_wconf 78' lang='lat' dir='ltr'>tenerumque</span> <span class='ocrx_word' id='word_1_153' title='bbox 861 4138 946 4211; x_wconf 90' lang='lat' dir='ltr'>sinu</span> <span class='ocrx_word' id='word_1_154' title='bbox 965 4135 1205 4234; x_wconf 87' lang='lat' dir='ltr'>complectier</span> <span class='ocrx_word' id='word_1_155' title='bbox 1223 4138 1371 4209; x_wconf 87' lang='lat' dir='ltr'>ardent:</span> 
     </span>
    </p>

    <p class='ocr_par' dir='ltr' id='par_1_19' title="bbox 363 4243 1536 4344">
     <span class='ocr_line' id='line_1_28' title="bbox 363 4243 1536 4344; baseline 0.001 -27"><span class='ocrx_word' id='word_1_156' title='bbox 363 4243 475 4337; x_wconf 74' lang='lat' dir='ltr'>MoX,</span> <span class='ocrx_word' id='word_1_157' title='bbox 495 4270 570 4339; x_wconf 91' lang='lat' dir='ltr'>quo</span> <span class='ocrx_word' id='word_1_158' title='bbox 589 4269 761 4341; x_wconf 84' lang='lat' dir='ltr'>quaeque</span> <span class='ocrx_word' id='word_1_159' title='bbox 779 4256 921 4344; x_wconf 85' lang='lat' dir='ltr'>potest,</span> <span class='ocrx_word' id='word_1_160' title='bbox 940 4244 1131 4343; x_wconf 83' lang='lat' dir='ltr'>elinguem</span> <span class='ocrx_word' id='word_1_161' title='bbox 1149 4244 1264 4316; x_wconf 90' lang='lat' dir='ltr'>donat</span> <span class='ocrx_word' id='word_1_162' title='bbox 1282 4244 1478 4318; x_wconf 87' lang='lat' dir='ltr'>alumnum</span> <span class='ocrx_word' id='word_1_163' title='bbox 1532 4291 1536 4303; x_wconf 88' lang='lat'><strong>·</strong></span> 
     </span>
    </p>

    <p class='ocr_par' dir='ltr' id='par_1_20' title="bbox 363 4349 1327 4446">
     <span class='ocr_line' id='line_1_29' title="bbox 363 4349 1327 4446; baseline -0.003 -22"><span class='ocrx_word' id='word_1_164' title='bbox 363 4350 538 4426; x_wconf 87' lang='lat' dir='ltr'>Munere:</span> <span class='ocrx_word' id='word_1_165' title='bbox 558 4354 759 4427; x_wconf 85' lang='lat' dir='ltr'>succedens</span> <span class='ocrx_word' id='word_1_166' title='bbox 777 4354 968 4446; x_wconf 88' lang='lat' dir='ltr'>quondam</span> <span class='ocrx_word' id='word_1_167' title='bbox 987 4351 1044 4424; x_wconf 91' lang='lat' dir='ltr'>illi</span> <span class='ocrx_word' id='word_1_168' title='bbox 1062 4349 1209 4433; x_wconf 84' lang='lat' dir='ltr'>firmior</span> <span class='ocrx_word' id='word_1_169' title='bbox 1225 4363 1327 4422; x_wconf 85' lang='lat' dir='ltr'>aetas</span> 
     </span>
    </p>

    <p class='ocr_par' dir='ltr' id='par_1_21' title="bbox 363 4456 1371 4559">
     <span class='ocr_line' id='line_1_30' title="bbox 363 4456 1371 4559; baseline -0.002 -29"><span class='ocrx_word' id='word_1_170' title='bbox 363 4457 417 4531; x_wconf 92' lang='lat' dir='ltr'>Ut</span> <span class='ocrx_word' id='word_1_171' title='bbox 434 4458 561 4534; x_wconf 86' lang='lat' dir='ltr'>videat</span> <span class='ocrx_word' id='word_1_172' title='bbox 578 4484 715 4559; x_wconf 84' lang='lat' dir='ltr'>parvas</span> <span class='ocrx_word' id='word_1_173' title='bbox 734 4470 933 4557; x_wconf 88' lang='lat' dir='ltr'>ponentem</span> <span class='ocrx_word' id='word_1_174' title='bbox 953 4457 1222 4555; x_wconf 77' lang='lat' dir='ltr'>saepius&#39;aras,</span> <span class='ocrx_word' id='word_1_175' title='bbox 1367 4456 1371 4463; x_wconf 77' lang='grc'><strong>’</strong></span> 
     </span>
    </p>

    <p class='ocr_par' dir='ltr' id='par_1_22' title="bbox 363 4563 1407 4664">
     <span class='ocr_line' id='line_1_31' title="bbox 363 4563 1407 4664; baseline -0.002 -25"><span class='ocrx_word' id='word_1_176' title='bbox 363 4564 543 4661; x_wconf 84' lang='lat' dir='ltr'>Sertaque</span> <span class='ocrx_word' id='word_1_177' title='bbox 562 4577 775 4657; x_wconf 88' lang='lat' dir='ltr'>texentem,</span> <span class='ocrx_word' id='word_1_178' title='bbox 794 4566 899 4660; x_wconf 89' lang='lat' dir='ltr'>queis</span> <span class='ocrx_word' id='word_1_179' title='bbox 918 4565 1050 4664; x_wconf 87' lang='lat' dir='ltr'>cingat</span> <span class='ocrx_word' id='word_1_180' title='bbox 1067 4575 1237 4660; x_wconf 85' lang='lat' dir='ltr'>tempora</span> <span class='ocrx_word' id='word_1_181' title='bbox 1254 4563 1407 4658; x_wconf 81' lang='lat' dir='ltr'>divum3</span> 
     </span>
    </p>

    <p class='ocr_par' dir='ltr' id='par_1_23' title="bbox 361 4670 1286 4769">
     <span class='ocr_line' id='line_1_32' title="bbox 361 4670 1286 4769; baseline -0.005 -23"><span class='ocrx_word' id='word_1_182' title='bbox 361 4670 449 4746; x_wconf 85' lang='lat' dir='ltr'>Rite</span> <span class='ocrx_word' id='word_1_183' title='bbox 468 4671 771 4769; x_wconf 84' lang='lat' dir='ltr'>frequentantem</span> <span class='ocrx_word' id='word_1_184' title='bbox 789 4670 953 4769; x_wconf 89' lang='lat' dir='ltr'>supremi</span> <span class='ocrx_word' id='word_1_185' title='bbox 972 4670 1138 4745; x_wconf 88' lang='lat' dir='ltr'>numinis</span> <span class='ocrx_word' id='word_1_186' title='bbox 1157 4670 1286 4757; x_wconf 87' lang='lat' dir='ltr'>aedes,</span> 
     </span>
    </p>

    <p class='ocr_par' dir='ltr' id='par_1_24' title="bbox 363 4777 1312 4873">
     <span class='ocr_line' id='line_1_33' title="bbox 363 4777 1312 4873; baseline -0.007 -20"><span class='ocrx_word' id='word_1_187' title='bbox 363 4778 413 4853; x_wconf 84' lang='lat' dir='ltr'>Et</span> <span class='ocrx_word' id='word_1_188' title='bbox 430 4790 589 4854; x_wconf 85' lang='lat' dir='ltr'>stratum</span> <span class='ocrx_word' id='word_1_189' title='bbox 610 4792 695 4854; x_wconf 80' lang='lat' dir='ltr'>ante</span> <span class='ocrx_word' id='word_1_190' title='bbox 714 4803 817 4873; x_wconf 80' lang='lat' dir='ltr'>aras3</span> <span class='ocrx_word' id='word_1_191' title='bbox 836 4781 990 4853; x_wconf 87' lang='lat' dir='ltr'>devotos</span> <span class='ocrx_word' id='word_1_192' title='bbox 1010 4777 1169 4873; x_wconf 86' lang='lat' dir='ltr'>pectoris</span> <span class='ocrx_word' id='word_1_193' title='bbox 1188 4788 1312 4849; x_wconf 84' lang='lat' dir='ltr'>aestus</span> 
     </span>
    </p>

    <p class='ocr_par' dir='ltr' id='par_1_25' title="bbox 363 4884 1254 4985">
     <span class='ocr_line' id='line_1_34' title="bbox 363 4884 1254 4985; baseline -0.006 -26"><span class='ocrx_word' id='word_1_194' title='bbox 363 4886 567 4961; x_wconf 84' lang='lat' dir='ltr'>Halantem</span> <span class='ocrx_word' id='word_1_195' title='bbox 585 4890 634 4961; x_wconf 87' lang='lat' dir='ltr'>ad</span> <span class='ocrx_word' id='word_1_196' title='bbox 653 4910 806 4985; x_wconf 87' lang='lat' dir='ltr'>superos</span> <span class='ocrx_word' id='word_1_197' title='bbox 826 4910 890 4958; x_wconf 85' lang='lat' dir='ltr'>sen</span> <span class='ocrx_word' id='word_1_198' title='bbox 909 4884 1117 4957; x_wconf 87' lang='lat' dir='ltr'>matutinus</span> <span class='ocrx_word' id='word_1_199' title='bbox 1135 4884 1254 4955; x_wconf 85' lang='lat' dir='ltr'>adibit</span> 
     </span>
    </p>

    <p class='ocr_par' dir='ltr' id='par_1_26' title="bbox 364 4990 1387 5089">
     <span class='ocr_line' id='line_1_35' title="bbox 364 4990 1387 5089; baseline -0.004 -22"><span class='ocrx_word' id='word_1_200' title='bbox 364 4992 428 5067; x_wconf 88' lang='lat' dir='ltr'>Sol</span> <span class='ocrx_word' id='word_1_201' title='bbox 447 4995 614 5085; x_wconf 87' lang='lat' dir='ltr'>coelum,</span> <span class='ocrx_word' id='word_1_202' title='bbox 633 5018 698 5067; x_wconf 90' lang='lat' dir='ltr'>seu</span> <span class='ocrx_word' id='word_1_203' title='bbox 717 4996 808 5067; x_wconf 89' lang='lat' dir='ltr'>dum</span> <span class='ocrx_word' id='word_1_204' title='bbox 827 4992 1006 5065; x_wconf 89' lang='lat' dir='ltr'>decedens</span> <span class='ocrx_word' id='word_1_205' title='bbox 1026 5003 1148 5063; x_wconf 85' lang='lat' dir='ltr'>vertet</span> <span class='ocrx_word' id='word_1_206' title='bbox 1166 4990 1387 5089; x_wconf 88' lang='lat' dir='ltr'>Olympum.</span> 
     </span>
    </p>
   </div>
   <div class='ocr_carea' id='block_1_7' title="bbox 0 0 2046 6000">
    <p class='ocr_par' dir='ltr' id='par_1_27' title="bbox 0 0 2046 6000">
     <span class='ocr_line' id='line_1_36' title="bbox 0 0 2046 6000; baseline 0 1"><span class='ocrx_word' id='word_1_207' title='bbox 0 0 2046 6000; x_wconf 95' lang='lat' dir='ltr'> </span> 
     </span>
    </p>
   </div>
  </div>
 </body>
</html>
