4084 6000
1062 605 1109 682 96

513 824 682 924 Lingua,
699 845 852 913 manus,
870 819 969 894 oculi
987 829 1074 894 sunt
1090 817 1358 894 instrumenta:
1377 819 1442 893 sed
1459 817 1596 892 horum

616 927 739 1020 Quam
758 925 868 1002 facile
886 925 1064 1001 exhaurit
1082 949 1186 1000 mens
1204 943 1385 1026 generosa
1402 923 1522 1000 vices!

512 1036 669 1112 Lumine
688 1060 813 1111 cassus
829 1045 928 1128 erat,
947 1037 1012 1112 sed
1029 1034 1114 1133 plus
1133 1057 1247 1131 quam
1265 1033 1370 1108 curia
1387 1031 1486 1108 vidit

615 1142 756 1242 Appius
774 1142 813 1216 in
831 1143 1011 1234 tenebris,
1029 1143 1222 1237 Romaque
1242 1140 1347 1216 salva
1365 1138 1450 1216 fuit.

511 1252 613 1325 Inter
629 1249 805 1325 Peleiden
822 1249 889 1345 qui
905 1249 1015 1324 tollat
1034 1259 1071 1323 et
1088 1247 1185 1322 inter
1202 1247 1380 1323 Atreiden

615 1357 735 1448 Lites,
754 1357 866 1451 quive
885 1368 995 1430 acuat
1012 1366 1182 1455 pectora,
1201 1355 1334 1430 Nestor
1351 1366 1441 1429 erat.

511 1466 649 1541 Tantae
666 1465 838 1556 virtutis,
857 1475 998 1559 quanta
1015 1464 1106 1537 ofim
1123 1461 1224 1537 vixit
1241 1461 1424 1553 Achilles3

615 1571 704 1664 oui,
722 1570 793 1644 nisi
811 1571 966 1649 (lhironi
981 1572 1064 1646 laus
1081 1571 1279 1648 tribuenda
1297 1569 1377 1644 seui
1393 1570 1479 1645 est?
1615 1661 1617 1666 Ι

512 1678 574 1753 Nil
592 1703 685 1777 opus
703 1688 759 1752 est
776 1677 925 1753 senibus
943 1678 1125 1753 iuveniles
1143 1676 1240 1752 serre
1258 1679 1424 1756 labores:

479 1862 481 1865 ,
616 1784 717 1876 Quin
734 1797 860 1867 tamen
877 1785 956 1877 1111,
975 1786 1458 1878 (11111,ὀ1111111111111111.

511 1894 625 1968 Arma
641 1891 751 1966 ferox
767 1893 914 1966 iuvenis
932 1891 1119 1992 fulgentia
1138 1893 1301 1992 stringat
1319 1891 1359 1964 in
1376 1892 1522 1986 hostas3

614 2000 682 2092 At,
700 1999 822 2073 senior
837 2000 1019 2075 iuvenum
1037 2010 1219 2098 temperet
1237 2024 1357 2091 arma,
1375 1998 1500 2072 velim.

510 2107 611 2181 Dum
629 2108 782 2181 iuvenes
799 2107 944 2181 validos
962 2110 1106 2182 ducunt
1124 2110 1172 2181 ad
1189 2117 1341 2206 pectora
1358 2130 1498 2202 remos5

616 2214 656 2286 Si
674 2214 799 2288 clavos
816 2214 939 2289 senior
956 2213 1117 2314 dirigat,
1136 2207 1254 2310 usque
1273 2223 1331 2288 sat
1348 2224 1414 2288 est.

514 2321 589 2397 Aut
607 2321 699 2396 haec
717 2321 833 2417 siquis
852 2333 962 2422 agat,
981 2321 1035 2396 nil
1053 2333 1108 2420 est
1125 2323 1246 2421 egisse
1264 2323 1484 2420 putandus?

613 2428 764 2505 Antius
781 2428 854 2513 hoc
871 2428 1022 2513 senibus
1041 2453 1128 2504 cum
1146 2429 1285 2530 pietate
1301 2431 1449 2532 neges?

511 2536 550 2612 Si
567 2536 638 2611 tibi
655 2535 762 2610 dulce
783 2534 855 2616 fuit
873 2536 994 2634 patria
1011 2560 1239 2617 succrescere
1250 2561 1370 2628 cura,

612 2643 729 2718 Dulce
747 2643 797 2718 sit
814 2654 852 2732 et
868 2645 1073 2719 tremulum
1091 2643 1310 2728 sustinuisse
1328 2653 1483 2750 patrem.
1582 2693 1586 2708 .
1607 2709 1611 2722 ,,

510 2750 586 2825 Ν10
603 2753 749 2851 pudeat,
759 2750 928 2826 timuisse
946 2750 1086 2844 11111111,
1104 2777 1170 2828 nec
1189 2760 1338 2850 pectore
1356 2762 1502 2849 promto

614 2857 795 2952 Consilia,
811 2869 878 2942 aut
893 2857 1020 2953 siquid
1037 2858 1188 2933 iusserit
1204 2857 1290 2950 ille,
1308 2849 1438 2953 sequi.x

510 2964 556 3039 Et
576 2975 759 3061 quantum
778 2964 934 3066 imperio
952 2977 1007 3040 est
1025 2991 1096 3043 usu
1115 2989 1353 3051 consuescere
1371 2964 1502 3065 longo!

614 3068 663 3147 Et
679 3075 824 3150 dudum
841 3076 1039 3150 adsuetum
1057 3099 1172 3169 quam
1189 3078 1283 3150 bene
1301 3072 1421 3147 fertur
1438 3070 1549 3153 unus!

511 3179 570 3254 Sic
589 3192 645 3254 est
664 3204 746 3254 care
764 3193 923 3279 pater,
940 3206 1137 3280 praeses
1157 3206 1306 3277 quoque
1324 3206 1408 3255 cane
1426 3190 1599 3267 tuorum,

613 3286 696 3378 Quo
716 3289 820 3362 salvo
837 3289 944 3364 nobis
962 3288 1091 3363 vivere
1109 3290 1217 3376 dulce
1231 3282 1341 3363 'fuitz‘

510 3393 692 3484 Quamvis
711 3405 901 3470 extremae
920 3407 1072 3471 teneant
1090 3395 1251 3475 confinia
1268 3395 1390 3485 vitae,

615 3501 742 3597 Usque
759 3513 886 3578 tamen
903 3503 1075 3603 cupimus
1093 3514 1139 3592 te
1158 3505 1252 3589 duce
1269 3526 1380 3601 porro
1398 3498 1485 3575 frui.

511 3607 593 3682 Non
610 3608 772 3709 petimus
789 3621 944 3712 vegetas
963 3635 1102 3685 annoso
1120 3610 1159 3683 in
1178 3635 1331 3709 corpore
1349 3607 1467 3703 vires;

615 3715 686 3819 Seri
703 3716 798 3812 quae
816 3729 964 3794 maturo
982 3729 1129 3817 pectore
1148 3717 1367 3791 curasedet.
1487 3754 1489 3759 ·
1521 3786 1524 3793 ,

511 3821 659 3897 Scilicet
676 3824 851 3925 eligimus
869 3826 947 3901 iam
965 3836 1096 3924 sponte
1113 3824 1268 3900 fluentia
1285 3848 1415 3924 poma:

612 3931 783 4031 Amplior
799 3959 819 4007 e
837 3933 976 4032 patulis
993 3933 1149 4008 floribus
1166 3933 1249 4009 exit
1267 3935 1367 4007 odor.

510 4037 694 4137 Purpurei
710 4039 811 4114 veris
828 4042 911 4116 laus
929 4066 1068 4141 magna
1087 4051 1162 4138 est3
1180 4041 1265 4139 plus
1283 4050 1411 4114 tamen
1429 4037 1493 4110 illo

612 4145 789 4247 Frugifer
804 4159 1009 4228 autumnus
1027 4173 1172 4248 semper
1189 4148 1342 4243 honoris
1350 4144 1484 4220 ‘habet

510 4252 590 4325 Hac
609 4264 660 4326 tu
678 4279 745 4328 nos
762 4280 852 4329 cura
870 4257 997 4331 sollers
1015 4280 1181 4332 recreare
1200 4256 1370 4357 11111111,
1447 4288 1449 4291 ·

613 4359 735 4453 Haeo,
752 4362 791 4436 M
803 4363 984 4455 artine,
1002 4363 1073 4442 tibi
1091 4388 1190 4438 nunc
1209 4379 1359 4459 quoque
1376 4369 1455 4435 tota
1473 4357 1589 4457 viget.

510 4463 631 4559 Quin,
650 4493 724 4563 quo
742 4469 827 4568 plus
845 4470 1024 4544 membris
1042 4470 1209 4545 detraxit
1225 4469 1391 4565 iniquior
1409 4476 1541 4560 aetam

612 4576 776 4672 Aequior
793 4577 865 4652 hoc
883 4576 1019 4651 mentis
1036 4577 1188 4659 dotibus
1206 4576 1271 4651 illa
1289 4575 1375 4653 fuit.
1465 4642 1471 4649 .
1519 4642 1522 4649 .
1543 4644 1545 4651 2

509 4678 590 4756 Hae
608 4705 756 4779 quoque
770 4682 984 4776 defuerint,
1002 4695 1115 4759 nutus
1132 4688 1226 4761 bene
1245 4684 1432 4761 noscimus
1449 4679 1567 4777 ipsos:

612 4789 758 4890 Quippe
777 4791 859 4865 leve
877 4802 933 4865 est
950 4801 1040 4867 nota
1057 4792 1358 4888 currerecuique
1375 4789 1449 4865 via.

508 4895 574 4971 Tu
591 4900 721 4989 modo,
738 4907 790 4971 tu
808 4899 968 4997 praesis3
987 4900 1142 4999 parendi
1159 4898 1282 5003 gloria
1300 4897 1407 4973 nobis

612 5004 786 5104 Semper,
804 5007 895 5081 dum
912 5005 1039 5101 11111,
1058 5017 1168 5109 grata
1186 5029 1386 5103 recensque
1404 5009 1540 5079 manet.
