4084 6000
1014 595 1062 669 54

456 809 608 901 Virtus,
626 807 688 882 vel
707 807 823 900 nihil,
842 820 917 900 est,
939 809 1041 904 quod
1059 810 1211 901 reddat,
1229 809 1356 900 erede,
1376 811 1550 910 beutum3

468 952 470 956 ⁴
561 916 643 990 Hae
662 915 740 991 sine
758 916 840 989 vita
859 914 1021 990 hominis
1040 915 1164 1010 'quid‘l
1189 915 1261 993 uisi
1280 915 1406 990 sumus
1425 918 1509 1008 erit.

456 1021 560 1097 Haeo
578 1033 615 1097 te
634 1022 790 1096 sublimi
808 1025 1004 1114 vectabat,
1020 1017 1089 1098 Ru
1100 1025 1124 1096 d
1135 1047 1191 1096 na
1200 1047 1251 1123 y,
1270 1019 1406 1116 curru,

561 1128 664 1203 Haeo
684 1128 807 1202 rutilis
825 1132 968 1228 gaudet
985 1141 1031 1202 te
1050 1128 1247 1203 inseruisse
1266 1128 1403 1203 choris

457 1234 507 1309 O!
526 1260 599 1335 age
617 1237 724 1308 flecte
742 1235 889 1328 oeulOS,
907 1247 944 1310 et
962 1237 1093 1310 fientes
1111 1235 1275 1334 respice,
1293 1260 1457 1330 quorum

561 1344 673 1416 Astra
689 1341 747 1416 tui
766 1341 927 1417 similem
946 1338 1095 1421 fervida
1112 1354 1204 1416 vota
1221 1353 1370 1441 rogant.

376 1488 384 1495 ··
456 1448 537 1520 Non
557 1474 786 1544 quemquam
805 1447 893 1523 fasti
912 1441 1058 1548 pretim,
1076 1475 1150 1524 nen
1169 1473 1263 1522 saxa
1281 1449 1485 1544 loquentur
1522 1541 1525 1548 ¹

561 1555 764 1654 Magnum,
784 1580 901 1651 quam
918 1555 1062 1655 patriae
1081 1557 1172 1631 talia
1189 1573 1279 1630 vota
1297 1582 1397 1631 suae.

928 1945 1140 1964 m

884 2182 1183 2298 ure-grex.
1231 2143 1233 2146 ’

403 2412 457 2481 Ad
475 2411 631 2481 Ioannem
649 2405 840 2477 Honvlrfl
858 2421 978 2481 munus·
992 2413 1142 2508 episcopi
1153 2407 1427 2504 'arrarepulensu
1439 2415 1669 2503 auspicantem

983 2533 1095 2605 1832ὁ

455 2681 512 2798 Te
530 2724 662 2822 lugere
680 2720 804 2797 ferant
822 2724 910 2816 alii,
927 2728 1186 2821 maestamque
1204 2725 1332 2800 dolore

559 2823 769 2929 Ambiguos
786 2842 1016 2924 memorent,
1033 2831 1127 2908 Alb
1138 2857 1180 2924 a,
1198 2831 1329 2906 videre
1347 2830 1437 2906 dies,

455 2936 648 3036 Suspirent
665 2937 844 3013 blandam
861 2937 972 3013 toties
990 2949 1036 3013 te
1054 2963 1204 3015 eernere
1223 2939 1345 3015 lucem
1357 2996 1380 3031 ‚,

401 3136 406 3144 ¹
560 3042 683 3135 Quam
702 3046 826 3119 subito
845 3044 958 3119 facies
977 3046 1096 3120 noetis
1115 3070 1232 3144 opaea
1250 3045 1398 3144 premit.

455 3151 601 3224 Ancora
619 3150 689 3224 vix
707 3161 981 3242 eerto‘steterat
998 3162 1066 3227 tua
1084 3151 1213 3244 litore,
1232 3152 1399 3243 dieant‚2
1563 3241 1565 3245 .

559 3256 687 3332 Anxia
704 3283 797 3350 mox
815 3257 954 3331 dubius
972 3260 1129 3331 carbasa
1148 3260 1283 3333 fluetus
1302 3259 1395 3358 agit.
1444 3356 1446 3361 Ι
1561 3256 1563 3263 ’

453 3364 522 3438 Ast
540 3388 613 3462 ego
632 3362 785 3446 sublimi
802 3364 915 3437 iubeo
933 3376 978 3438 te
997 3362 1171 3439 incedere
1187 3390 1338 3463 gressu:
1419 3366 1428 3397 ³

560 3467 643 3560 Quo
662 3469 806 3569 palmas
825 3469 909 3543 aliis
927 3469 1060 3569 eripis,
1080 3496 1156 3545 una
1173 3482 1289 3569 putes.
1328 3534 1333 3539 ,

454 3576 505 3651 Te
523 3575 630 3650 iuvet
648 3576 809 3650 aestivos
827 3576 970 3651 imitari
988 3590 1088 3659 sorte
1106 3572 1269 3668 calores,
1317 3668 1319 3670 ,

558 3680 634 3773 Qui
652 3693 803 3757 matura
820 3696 987 3779 coquunt
1005 3709 1118 3782 poma
1135 3685 1295 3783 legenda
1313 3684 1408 3757 sinu.
1434 3755 1437 3758 ,

453 3792 643 3880 Laurum,
661 3790 864 3888 conspicua
880 3789 1004 3867 vireat
1022 3816 1119 3886 quae
1139 3789 1280 3881 fronte,
1299 3803 1470 3888 paratam
1504 3870 1508 3878 ,
1544 3821 1548 3828 ’

559 3895 718 3995 Cingere
735 3897 818 3971 laus
837 3908 935 3976 certe
953 3908 1025 3988 est,
1045 3896 1378 3992 quammeruisse,
1397 3896 1530 3971 minor.

453 4004 551 4076 Laus
571 4003 751 4078 meruisse
768 4003 838 4077 tibi
857 4004 1008 4102 propria
1027 4015 1102 4079 est:
1123 4002 1188 4077 enl
1207 4001 1330 4102 gloria
1348 4003 1488 4101 triplex

557 4110 724 4209 Porrigit
741 4111 828 4183 hine
847 4111 958 4184 nivea
968 4102 1103 4184 'debita
1120 4121 1219 4185 serta
1237 4135 1363 4183 manu.

451 4214 606 4307 Niteris,
624 4216 921 4314 Veszprimium,
939 4216 1132 4291 Diakdvar
1150 4212 1322 4314 praesule
1340 4216 1431 4296 laeti

557 4324 608 4399 Te
627 4334 739 4424 grato
758 4334 968 4397 memorant
986 4319 1155 4421 saepius,
1173 4323 1316 4414 Alba,
1336 4348 1438 4397 sone.

451 4428 601 4529 Quippe
618 4430 676 4504 tui
694 4454 786 4504 eura
805 4440 971 4529 pastores
989 4453 1109 4523 usque
1128 4431 1302 4505 subactos
1393 4498 1395 4505 .

556 4536 663 4612 Nune
681 4536 833 4635 proprio
849 4537 1018 4639 gaudent
1037 4534 1238 4637 invigilare
1256 4532 1378 4637 gregi.

451 4641 511 4715 Sie
529 4668 604 4718 non
622 4642 729 4741 queis
746 4654 835 4717 nata
851 4653 908 4716 est
926 4642 1173 4743 spirat-modo
1192 4645 1331 4717 nardus
1349 4642 1500 4714 odorem

554 4748 700 4847 Terris3
719 4760 777 4825 ast
794 4759 936 4823 recreat
954 4747 1082 4823 dissita
1100 4774 1209 4848 saepe
1227 4749 1329 4822 loea:
1428 4828 1430 4835 ,

451 4853 538 4927 Iure
556 4867 682 4929 tamen
701 4856 768 4931 tali
787 4880 884 4951 quae
902 4853 1076 4957 germine
1093 4866 1194 4931 terra
1211 4858 1321 4929 beata
1340 4864 1414 4943 est,

557 4963 659 5037 Inter
678 4960 805 5039 felices
824 4964 1104 5039 adnumeranda
1123 4962 1264 5063 plagas
1296 5020 1299 5029 ,
