4084 6000
972 602 1019 676 57

416 815 496 891 Hoc
515 817 669 895 Pastore
688 815 765 889 mei
782 816 990 890 manabunt
1007 827 1155 890 nectare
1174 817 1266 906 rivi,

520 921 596 997 Nec
613 922 726 1021 lupus
745 922 784 995 in
802 933 947 996 nostras
967 921 1140 997 horridus
1159 922 1228 997 ibit
1247 948 1346 997 oves.
1421 1000 1425 1010 ¹

415 1029 539 1103 Aurea
556 1029 677 1104 lustra
693 1031 833 1104 fluent:
852 1027 978 1130 pylios
997 1031 1109 1103 modo
1127 1029 1242 1104 vivat
1254 1029 1293 1102 in
1312 1055 1439 1105 annos,

521 1136 602 1212 Sint
620 1135 768 1211 utinam
786 1136 886 1211 votis
904 1145 1006 1210 astra
1024 1135 1190 1237 benigna
1208 1136 1319 1212 meisl

889 1463 1101 1476 -1--2—

831 1773 1032 1879 Elegia
1061 1751 1174 1861 711.v
1238 1743 1240 1748 ⁵

366 1975 620 2047 aianeoane
646 1975 749 2057 Petro
769 1984 1051 2042 unonusrcaur
1069 1947 1243 2050 ruminel.
1262 1978 1625 2050 Grammaticorum

544 2099 710 2185 [rodmar
727 2103 803 2186 ipro
820 2099 890 2169 dict
905 2100 1063 2170 tractate
1080 2102 1136 2170 dte
1153 2101 1300 2172 ollulam
1324 2099 1433 2171 1839.

418 2251 700 2373 Turraniana
718 2291 825 2383 veni3
844 2293 1074 2392 plaususque
1092 2293 1247 2372 remisse
1266 2317 1460 2370 camenae:
1478 2320 1487 2342 ·

520 2397 603 2474 Non
620 2398 743 2500 magis
762 2399 824 2478 bic
842 2423 973 2473 musae
982 2418 996 2490 ‚'
1011 2425 1127 2496 quam
1145 2411 1212 2474 tua
1229 2425 1342 2479 causa
1360 2402 1500 2475 subest.

419 2505 503 2580 Sors
520 2517 587 2578 tua
606 2530 732 2604 pressa
749 2505 835 2596 diu,
853 2505 971 2580 dubia
989 2519 1081 2582 mox
1099 2520 1208 2582 vecta
1225 2508 1353 2584 carina

504 2610 658 2687 2Litoris‘
676 2613 797 2711 optati
814 2613 958 2712 gaudia
969 2623 1081 2708 'certa
1095 2613 1200 2712 legit.

418 2718 561 2794 Obvius
580 2718 644 2793 hic
662 2731 838 2819 properat
854 2719 1049 2794 Maecenas
1068 2721 1217 2818 praesul
1235 2718 1376 2810 cidem,

521 2826 587 2899 Ille
605 2827 718 2905 decus
736 2825 832 2900 sacri
850 2825 1103 2921 deliciumque
1123 2825 1253 2926 gregis

418 2931 493 3007 Nec
511 2958 637 3007 mora:
656 2933 859 3009 laetantem
877 2931 1034 3032 placidis
1053 2932 1315 3032 complectitur
1333 2929 1451 3009 ulru's:

520 3038 699 3135 Quasque
717 3040 817 3116 vices·
835 3040 987 3131 tulerit,
1001 3040 1099 3138 'quid
1116 3040 1314 3132 veniatve‚
1332 3052 1454 3139 rogat.

417 3145 543 3242 thue
561 3148 675 3221 maris
693 3148 939 3246 scopulosque
958 3145 1075 3226 refert
1092 3158 1131 3223 et
1149 3160 1316 3225 monstra
1335 3147 1519 3247 patentiS,

519 3253 567 3327 Et
584 3280 678 3349 quas
695 3251 876 3330 sustinuit
893 3252 1207 3351 quasftimuitque
1226 3254 1367 3349 minas3

418 3359 469 3435 Ut
487 3371 689 3452 memorat,
702 3375 873 3456 ¹quonam
891 3361 940 3435 sit
956 3360 1079 3439 vitam
1097 3386 1251 3437 munere
1270 3372 1400 3459 pacta,
1476 3450 1477 3453 Ἴ

519 3466 685 3542 Victima
702 3494 749 3543 ne
767 3466 891 3542 ventis
908 3466 1213 3563 aequoribusque
1232 3470 1362 3543 cadat:

417 3574 592 3649 Protinus
609 3574 792 3674 ambiguo
810 3575 960 3649 solvens
978 3575 1025 3649 de
1042 3586 1192 3673 pectore
1210 3600 1338 3671 curas3

522 3680 658 3755 Nostra
675 3680 838 3772 (animos
856 3687 1011 3771 revoca)
1030 3681 1197 3773 sarcina,
1216 3679 1327 3783 dicit,
1346 3682 1430 3775 eris.

415 3786 529 3878 Ecce,
547 3813 630 3862 meo
649 3800 766 3879 nutu,
785 3800 945 3887 patrum·
956 3798 995 3862 tc
1013 3810 1104 3862 cura
1122 3788 1271 3887 piorum

523 3894 707 3993 Suscipit,
725 3906 763 3969 et
782 3894 861 3969 cari
878 3894 1049 3995 pignoris
1067 3894 1185 3968 instar
1201 3894 1327 3969 habet.

418 4002 556 4076 luserat
573 4002 639 4075 illa
656 4002 732 4076 tuis
750 4000 885 4094 animis
903 4026 991 4075 cum
1010 4000 1180 4101 germine
1198 4000 1291 4076 recti
1354 4064 1355 4067 ,

520 4107 631 4200 Quod
648 4108 792 4207 patriae
811 4119 848 4183 et
863 4106 1006 4185 summi
1025 4106 1189 4183 numinis
1207 4119 1320 4207 urget
1338 4132 1455 4181 amor.

415 4214 506 4289 Mox
526 4226 562 4289 te
581 4241 647 4313 per
665 4215 830 4290 salebras
848 4213 1062 4291 studiorum
1076 4214 1214 4295 sedula
1232 4215 1365 4305 ducet,

519 4322 721 4398 Doctrinae
739 4320 928 4397 ut-veniat
946 4321 1078 4397 messis
1097 4320 1223 4422 opima
1240 4321 1323 4412 tibi.

416 4428 613 4519 Quondam
633 4429 749 4503 etiam
767 4428 871 4503 tituli
888 4429 1056 4524 clarique
1075 4440 1277 4524 sequentur
1294 4428 1474 4517 honores,
1530 4476 1532 4482 -

520 4536 786 4635 Exsurgetque
808 4535 896 4609 boni
913 4534 1074 4611 nominis
1093 4534 1180 4611 inde
1199 4538 1332 4615 decus,
1374 4570 1376 4578 ⁴

415 4643 536 4733 Quin,
554 4642 692 4741 opibus.
707 4642 852 4715 cunctis
871 4642 1014 4740 potior,
1033 4666 1136 4735 mens
1155 4641 1304 4715 conscia
1322 4641 1415 4717 recti
1459 4700 1461 4713 .

520 4752 611 4826 Inde
629 4774 752 4823 comes
771 4748 873 4822 vitae
890 4748 968 4821 fida
986 4748 1118 4824 sutura
1135 4761 1223 4822 tuae
1242 4760 1312 4822 est.
1401 4804 1402 4809 ,
1458 4772 1463 4777 ·

416 4858 465 4931 At
483 4870 545 4948 tu,
564 4856 673 4951 siqua
692 4854 762 4930 tibi
782 4866 838 4930 est
857 4880 1055 4934 mansurae
1074 4882 1167 4931 cura
1184 4853 1338 4945 salutm,

521 4966 551 5040 F
552 4989 616 5056 ac,
635 4973 833 5064 praecepta
851 4960 964 5037 avida
983 4960 1173 5057 quaelibet
1191 4987 1280 5037 arne
1299 4961 1417 5037 bibas.
1460 4974 1463 4983 ’
