4084 6000
1023 1019 1135 1146 mx.

713 1287 944 1376 Pcroptrosts
962 1253 1056 1360 libri
1074 1288 1138 1359 III.
1158 1230 1248 1358 (ldae
1266 1289 1299 1359 5.
1317 1289 1461 1362 Horatii.

448 1461 549 1577 llum
567 1512 683 1593 tonat,
702 1510 740 1575 et
757 1500 869 1602 nigra
887 1502 1032 1576 caelum
1050 1497 1243 1601 ferrugine
1261 1501 1423 1596 squallet

447 1609 624 1685 Fulmina
642 1609 724 1682 dira
742 1609 911 1701 vibrans,
928 1608 1007 1683 illic
1026 1633 1183 1708 regnare
1201 1617 1395 1682 tonantem

438 1717 640 1810 ‚Credimus
659 1741 753 1790 anne
771 1716 929 1791 Iovem?
949 1715 1058 1790 cuius
1074 1726 1272 1811 terraeque
1290 1715 1440 1812 polique

406 1907 410 1916 ,
448 1825 653 1900 Servantur
671 1833 786 1916 nutu,
804 1823 999 1924 digitoque
1017 1833 1168 1921 potente
1185 1832 1389 1923 reguntur:

446 1932 529 2007 Nou
548 1956 652 2005 secus
671 1930 848 2033 Augusti,
866 1956 942 2027 qua
960 1930 1268 2029 sol‘surgensque
1285 1931 1495 2025 cadensque

447 2039 570 2140 Urget
589 2064 714 2134 equos,
733 2049 769 2112 et
787 2061 862 2133 qua
880 2047 1042 2138 regnant
1060 2037 1271 2132 Boreaeque
1289 2036 1500 2133 Notusque,

446 2146 614 2233 Caesaris
633 2156 690 2220 est
708 2171 843 2219 nomen
862 2145 1005 2219 cunctis
1024 2144 1236 2220 venerabile
1256 2144 1377 2219 terris.

445 2253 634 2329 Vinxerat
651 2253 683 2327 is
702 2252 810 2327 iustis
828 2251 959 2326 civilia
975 2252 1076 2328 bella
1094 2252 1256 2345 cateniS,

445 2361 492 2436 Et
509 2385 641 2460 pacem
659 2358 802 2459 patriae
820 2357 960 2452 fessae,
979 2369 1191 2455 sortemque
1209 2357 1359 2435 revexit

446 2467 643 2568 Optatam3
663 2467 755 2563 quin
774 2477 812 2553 et
829 2466 975 2541 romani
993 2465 1154 2541 nominis
1172 2465 1297 2540 hostes

445 2575 635 2667 Edomuit,
653 2575 860 2670 Persasque
878 2598 1033 2674 graveS,
1051 2571 1240 2669 fortesque
1257 2572 1456 2649 Britannos

445 2682 633 2758 Adiiciens
651 2681 742 2756 latio
762 2692 926 2779 sceptr0,
944 2681 1141 2775 titulisque
1159 2680 1314 2755 decoris

552 2789 718 2864 Caesaris
737 2787 902 2889 Augusti
920 2799 992 2881 est,
1012 2797 1048 2862 et
1066 2787 1188 2863 Crassi
1206 2787 1329 2889 gloria
1345 2788 1481 2888 'dispari

447 2896 633 2996 Auspiciis
652 2896 785 2996 spretis
803 2895 865 2970 hic
883 2906 1050 2996 pugnat,
1069 2895 1255 2992 vincitur,
1274 2896 1340 2969 illa

448 3005 584 3081 Vincla
602 3005 703 3104 gerit
721 3006 872 3097 dextra,
892 3029 988 3100 quae
1006 3004 1158 3078 vincere
1176 3013 1336 3078 noverat
1352 3016 1448 3080 ante.

400 3159 401 3163 =
446 3111 523 3187 Nec
542 3112 650 3185 satis:
671 3122 706 3186 et
724 3111 868 3207 liquido
888 3111 1048 3186 satiatur
1065 3121 1237 3185 mortuus
1256 3130 1348 3185 auro

440 3216 709 3311 (Ludibrium)
728 3219 861 3314 siquod
878 3219 992 3293 vivus
1011 3218 1182 3293 sinefine
1201 3217 1333 3294 sitivit.

362 3326 363 3331 ’
446 3326 481 3401 N
482 3352 524 3401 ec
542 3326 650 3399 satis:
671 3336 708 3399 et
726 3326 848 3400 Crassi
866 3326 974 3400 miles
993 3351 1171 3400 romanus
1189 3325 1333 3400 amavit

446 3434 587 3509 Vivere
605 3457 692 3506 cum
711 3431 853 3509 Partho
872 3458 1015 3525 socero,
1034 3432 1252 3527 bellumque
1270 3458 1421 3507 movere

448 3544 528 3615 Sub
546 3539 664 3641 signis
682 3538 801 3615 Medis
819 3539 948 3633 Latio,
966 3539 1145 3639 gentique
1164 3550 1350 3639 paternae.
1407 3610 1411 3614 .

447 3648 618 3747 Appulus
638 3658 675 3723 et
692 3647 858 3740 Marsae,
885 3647 1072 3723 Mavortia
1089 3657 1240 3746 pectora
1258 3648 1469 3743 quondam,

448 3756 599 3831 Oblitus
616 3755 754 3829 Vestae
773 3766 961 3852 aeternae,
985 3754 1041 3830 nil
1058 3754 1211 3829 nomina
1228 3779 1368 3855 magna

353 3900 355 3903 ·
446 3863 646 3953 Maiorum,
664 3862 718 3935 nil
735 3862 799 3936 ille
817 3875 965 3962 togam,
983 3878 1096 3957 atque
1114 3861 1251 3936 ancilia
1269 3887 1375 3936 sacra

309 4000 312 4005 ·
448 3970 562 4045 Curat
580 3969 695 4068 (proh
713 3994 833 4044 mores
852 3968 1006 4061 inversi,
1031 3968 1135 4043 curia
1152 3969 1258 4068 lapsa
1267 3969 1295 4059 l)

446 4078 567 4153 Roma
584 4076 673 4150 licet
692 4086 763 4151 stet
781 4076 926 4169 adhuc,
945 4076 1205 4175 Capitoliaque
1224 4077 1302 4151 alta
1320 4074 1498 4151 Tonantis

447 4182 651 4284 Imperiosa
669 4194 783 4283 caput
800 4183 963 4258 nitidum
982 4208 1094 4282 super
1111 4182 1265 4257 aethera
1282 4184 1427 4258 tollant.

552 4291 732 4366 Dedecori
749 4302 854 4365 tanto
873 4291 975 4365 cavit
991 4315 1096 4365 mens
1113 4290 1271 4393 provida
1289 4292 1477 4386 quondam

447 4396 586 4471 Attilii:
605 4422 673 4472 nec
691 4397 791 4471 enim
810 4400 1021 4474 Poenorum
1039 4403 1150 4498 pacta
1167 4397 1344 4497 probavit

447 4504 602 4605 Turpia,
620 4530 774 4579 romano
792 4528 860 4579 neo
879 4504 1028 4579 nomine
1047 4503 1183 4604 digna:
1203 4503 1375 4579 futurum

446 4611 502 4686 Ne
521 4611 596 4688 fors
615 4613 788 4711 exemplo
807 4610 915 4686 foedo
934 4611 1140 4712 corruperit
1159 4637 1313 4708 aevum3

448 4720 665 4795 Subducens
682 4718 795 4795 morti
811 4717 961 4812 misere,
978 4719 1186 4815 vinclisque
1207 4717 1364 4793 ferentes

448 4826 539 4902 Tela
556 4852 672 4902 mauu
690 4827 862 4923 iuvenes3
886 4826 952 4923 qui
970 4851 1008 4901 se
1027 4851 1066 4901 se
1083 4828 1230 4901 tradere
1248 4824 1383 4902 Poenis

448 4934 622 5034 Captivos
640 4933 764 5035 potius
782 4931 954 5034 cupiunt,
974 4958 1090 5031 quam
1106 4932 1238 5009 Martis
1255 4932 1295 5005 in
1313 4932 1427 5007 armis

449 5042 522 5119 Pro
541 5040 664 5143 patria
687 5052 726 5116 et
748 5041 887 5142 populo
906 5064 1087 5145 generosa
1104 5050 1225 5116 morte
1242 5038 1373 5139 perire.
