4084 6000
944 631 1019 704 127

399 841 448 918 At
465 852 594 942 captos
612 845 763 918 cerebro
781 852 908 936 vates,
926 843 1066 944 sophus
1085 842 1156 918 iste
1174 843 1342 942 putabit:

505 949 654 1028 Scilicet
670 949 731 1025 his
747 951 874 1044 lusus,
895 951 993 1026 seria
1009 951 1115 1027 nulla
1132 950 1292 1050 placent.

398 1058 601 1135 Immemor
617 1083 727 1134 omne
744 1083 885 1160 genus,
903 1058 1038 1155 siquod
1057 1068 1276 1158 corruperat
1293 1061 1442 1152 orbem,

505 1165 695 1243 stultitiae
712 1176 883 1242 auctores
899 1190 1020 1262 usque
1038 1165 1215 1242 habuisse
1233 1166 1379 1267 sophos.

397 1265 509 1350 Haec'
520 1273 617 1350 ratio
634 1284 712 1367 est,
730 1299 798 1349 cur
813 1275 935 1350 Roma
952 1274 1089 1374 sophos
1107 1275 1238 1375 procul
1256 1298 1335 1350 esse
1352 1273 1527 1375 iubebat3

487 1381 677 1478 ‚Praemia
693 1384 786 1458 dum
802 1383 917 1457 sacris
935 1382 1088 1458 vatibus
1107 1383 1232 1481 ampla
1250 1380 1363 1457 dedit.

399 1487 527 1566 Gloria
544 1487 621 1564 fors
639 1488 760 1565 maior
775 1506 947 1564 veterum
964 1500 1208 1566 monumenta
1225 1498 1371 1583 tenore,

503 1596 696 1698 Temporis
713 1606 752 1672 et
769 1597 883 1697 prisci
901 1595 1001 1672 iacta
1019 1595 1158 1672 referre
1177 1595 1303 1671 foret?

398 1704 592 1805 Temporis
609 1715 649 1779 at
665 1705 784 1779 nostri
801 1704 835 1778 si
851 1706 1017 1780 mendax
1036 1703 1139 1779 fama
1157 1704 1349 1802 remiscet3

503 1811 579 1904 Qui
596 1812 702 1913 cupit
719 1811 848 1906 illudi,
867 1811 968 1888 facta
984 1821 1135 1891 vetusta
1152 1812 1265 1912 legat.

399 1919 467 1995 Est
484 1918 628 2016 aliquid
645 1919 778 1995 tacitas
795 1931 953 1995 naturae
972 1944 1152 2017 quaerere
1170 1943 1322 2012 causas,

501 2027 553 2104 Et
568 2029 712 2130 grande
731 2026 962 2104 Amh’medis
978 2027 1228 2127 promeruisse
1245 2029 1370 2103 decus.

398 2135 448 2209 At
466 2135 613 2211 numeri
631 2146 669 2210 et
686 2137 857 2227 tabulae,
874 2135 980 2232 queis
998 2145 1131 2210 auctor
1147 2135 1286 2210 stultus
1303 2133 1477 2230 inhaesit,

505 2242 695 2344 Sanguine
712 2242 901 2340 numquid
917 2269 993 2319 non
1010 2244 1256 2343 permaduere
1275 2244 1373 2318 suo‘?

397 2348 521 2426 Multa
538 2350 628 2426 licet
644 2361 792 2444 teneas,
809 2352 896 2452 plus
913 2351 1007 2427 heu!
1026 2359 1164 2430 ustura
1183 2349 1367 2426 recondit:

502 2457 575 2533 Hic
591 2483 693 2560 vega
709 2459 923 2534 Danaidum
940 2483 1112 2559 mergere
1130 2457 1254 2534 cribra
1272 2458 1377 2532 soles.

274 2589 278 2596 ·
398 2565 608 2642 Pharmaca
624 2565 737 2642 mista
752 2577 891 2642 vocant
908 2567 1068 2658 multos,
1085 2566 1300 2662 herbaeque
1317 2566 1526 2662 medentes;

502 2672 677 2750 Crebrior
694 2684 737 2749 ut
753 2673 835 2749 Diti
853 2672 1010 2749 victime
1028 2698 1161 2773 nempe
1180 2674 1299 2748 cedet.
1343 2767 1346 2774 ¹

397 2782 485 2856 Iura
501 2779 671 2874 Themis,
688 2781 867 2883 legesque
884 2781 993 2878 colit3
1011 2789 1208 2881 properate
1225 2779 1420 2855 iuventus:

446 2959 452 2967 ,
501 2887 595 2981 Hic,
612 2890 715 2985 quod
732 2889 897 2964 detineat
914 2899 1085 2990 pectora,
1103 2886 1232 2984 forsan
1250 2886 1350 2964 erit‘?

399 2996 449 3071 At
465 3000 578 3073 modo
595 2996 738 3073 venalis
756 2996 909 3074 Themis
926 3008 1002 3094 est3
1019 2996 1053 3071 si
1071 2996 1247 3090 solveris,
1265 3021 1380 3073 aurea

502 3104 679 3182 Protinus
698 3130 887 3200 escensa,
905 3104 1124 3202 iustitiaque
1142 3103 1255 3205 prior.

398 3210 476 3288 Hos
493 3214 641 3288 coelum
658 3223 826 3314 spectare
843 3214 972 3306 iuvat,
990 3236 1197 3309 cursusque
1214 3220 1363 3288 notare:

503 3320 694 3397 Sideribus
712 3320 807 3418 quid
823 3322 924 3397 enim
940 3319 1137 3421 pulchrius
1154 3345 1233 3395 esse
1251 3321 1403 3420 potest?

398 3427 509 3504 Astra
525 3428 662 3504 Thales
680 3438 846 3528 spectat,
863 3428 1003 3504 fossam
1020 3430 1115 3505 dum
1132 3426 1253 3504 fertrn
1269 3427 1310 3502 in
1327 3427 1452 3502 altam

501 3537 693 3636 Praeceps.
720 3537 825 3612 Haec
842 3538 980 3613 multos
998 3561 1078 3611 sors
1096 3544 1223 3612 manet
1240 3560 1363 3632 aequa
1379 3534 1491 3611 viros.

397 3642 538 3718 Iratum
557 3643 687 3719 videat
703 3645 882 3739 Boream,
901 3669 1106 3741 saevasque
1124 3643 1325 3745 procellas,

501 3749 571 3827 Oui
587 3750 727 3827 nimius
743 3752 841 3828 lncri
857 3762 1011 3852 pectora
1029 3761 1181 3848 torquet
1200 3772 1316 3826 emor.

400 3858 644 3934 consuevisse
660 3858 781 3935 refers
794 3861 917 3934 istos‘l
936 3858 1199 3935 consuevimus
1217 3869 1256 3933 et
1273 3881 1359 3933 nos:

503 3966 582 4041 Hos
600 3992 708 4042 amor
723 3966 975 4043 exstimulat?
994 3992 1062 4042 nos
1081 3989 1232 4062 quoque
1250 3965 1391 4040 mulcet
1408 3988 1524 4041 amor.

399 4073 593 4151 Deleotent
609 4072 702 4150 ahos
719 4100 789 4151 sua
806 4072 921 4172 seria,
939 4074 1087 4149 lusibus
1104 4071 1186 4148 istis

499 4180 576 4257 Nos
594 4182 772 4257 delectari
788 4181 873 4279 quis
891 4184 1092 4281 reprobare
1109 4181 1253 4276 queat?

396 4289 447 4364 At
462 4299 572 4391 turpe
589 4299 646 4364 est
661 4289 782 4365 vitam
800 4314 1019 4365 consumere
1036 4287 1200 4364 lusibus:
1220 4290 1368 4381 orbem,

501 4396 576 4490 Qui
593 4396 762 4497 sapiunt,
780 4407 904 4473 totum
921 4423 1013 4472 vera
1029 4397 1178 4471 theatra
1194 4407 1341 4472 vocant.
1382 4394 1384 4401 '

395 4501 468 4581 Hic
484 4504 698 4581 Heraclitus
713 4507 806 4580 fletu
822 4504 925 4605 rigat
942 4530 1010 4581 ora
1026 4502 1199 4604 perenni3
1355 4598 1359 4605 .

500 4611 574 4688 Hic
591 4611 842 4689 Democritico
859 4610 957 4687 risus
973 4610 1014 4686 in
1032 4636 1096 4688 ore
1114 4612 1229 4686 sedet.

395 4719 561 4820 Dissipat
577 4719 646 4795 iste
663 4731 816 4822 patrum
833 4720 934 4795 male
951 4729 1079 4819 parta,
1098 4716 1161 4794 ille
1179 4714 1317 4793 Euclio
1328 4714 1464 4818 friget,

499 4826 549 4902 Et
565 4827 710 4928 potius,
727 4830 860 4904 morbo
878 4851 995 4922 quam
1011 4828 1227 4918 medeatur,
1240 4821 1335 4900 'obit

394 4934 508 5010 Fasce
526 4934 733 5039 Dionysius
751 4932 928 5027 celebris,
942 4933 1177 5010 vertentibus
1195 4930 1323 5024 annm,

497 5041 628 5119 Nonne
646 5042 908 5120 Corinthiacus
925 5039 1191 5143 ludimagister
1206 5040 1316 5115 eret‘l
