4084 6000
976 747 1040 758 h—-u-
1055 752 1090 756 --—
1106 750 1187 758 .—

1054 949 1097 1023 X.

736 1131 966 1255 raraiausa
984 1171 1019 1237 e.
1042 1170 1104 1238 111.
1125 1171 1205 1238 aaa
1224 1170 1259 1237 e.
1280 1170 1423 1239 norica.

455 1342 497 1454 ln
517 1401 668 1473 superos
687 1378 825 1476 pietate
844 1377 958 1470 nihil,
977 1378 1164 1469 Romane,
1183 1378 1327 1450 tenebis

451 1481 595 1574 Maiae,
614 1509 709 1577 quae
728 1495 809 1559 toto
828 1485 967 1558 residet
985 1485 1016 1557 si
1035 1496 1201 1583 pectore,
1222 1482 1336 1574 felix,

449 1589 565 1663 Crede
584 1589 700 1681 mihi,
718 1605 875 1666 cunctae
895 1592 1091 1691 superabis
1110 1605 1279 1688 tempora
1296 1592 1408 1664 vitae.

448 1698 497 1768 At
515 1695 586 1768 nisi
606 1697 774 1772 labentes
794 1723 972 1797 superum
990 1699 1223 1798 reparaveris
1242 1699 1371 1788 aedes,

451 1800 497 1874 Ni
515 1813 680 1876 veterem
701 1829 851 1878 revoces
870 1805 944 1880 aris
964 1805 1159 1906 signisque
1178 1804 1346 1878 Deorum

453 1909 715 2005 splendorem,
734 1921 801 1985 tua
820 1909 921 1986 fama
940 1923 1043 2002 ruet,
1063 1922 1286 2010 patrataque
1305 1909 1433 2008 poenis

448 2013 654 2107 Maiorum,
673 2016 760 2091 lieet
778 2017 1010 2108 immeritae,
1031 2017 1168 2091 delicta
1185 2017 1317 2116 piabis.

553 2117 660 2195 Nunc
678 2133 736 2215 te,
754 2149 831 2218 qua
848 2137 978 2197 vastus
997 2137 1184 2197 terrarum
1203 2149 1240 2197 se
1260 2123 1426 2220 explicat
1444 2123 1565 2213 orbiS,

447 2228 629 2326 Agnoscit
646 2230 859 2304 dominum:
880 2230 1039 2303 rutilans
1057 2231 1128 2304 tibi
1149 2230 1290 2304 militat
1309 2229 1402 2319 Eos,

448 2334 677 2429 Obsequitur
695 2336 823 2427 Nilus,
841 2349 1071 2410 venerantur
1089 2338 1171 2411 iure
1189 2336 1381 2410 Britanni:

448 2439 594 2539 Quippe
614 2442 736 2516 minor
753 2444 896 2542 superis
917 2442 1054 2517 humili
1073 2442 1147 2516 fers
1166 2443 1307 2541 poplite
1325 2454 1425 2516 vota.

450 2550 499 2620 ‚lt
517 2548 664 2641 quoties
684 2548 780 2627 imae
799 2549 949 2648 pietatis
968 2576 1042 2623 non
1061 2575 1206 2623 memor
1223 2551 1341 2624 almos

449 2653 629 2753 Neglexti
649 2657 776 2749 divos,
796 2657 888 2730 heul
908 2668 1069 2752 quantas
1088 2655 1247 2730 vindicis
1266 2655 1342 2729 iras

450 2759 618 2858 Experto
636 2787 674 2834 es
693 2765 825 2837 merito
844 2762 956 2849 coeli,
977 2789 1093 2858 quam
1112 2762 1235 2837 tristia
1253 2762 1370 2836 bella!

557 2869 744 2966 Auspiciis
762 2870 895 2969 spretis
915 2869 1113 2970 pugnasti,
1133 2869 1282 2959 Crasse,
1303 2869 1493 2942 Monaeses

408 3056 411 3071 ,
450 2972 497 3047 Et
515 2975 676 3049 Pachori
696 2977 759 3050 sed
778 2989 814 3052 te
834 2976 1029 3077 fregerunt
1047 3002 1171 3051 arma:
1193 2978 1354 3074 superbo

447 3080 522 3169 Qui
540 3081 643 3179 prius
661 3086 818 3159 ardebas
837 3084 960 3157 clarus
981 3083 1129 3183 fulgere
1147 3082 1360 3182 triumphe,

447 3188 710 3287 Sacrilegaque
728 3191 830 3288 rapis
848 3190 1079 3288 templorum
1099 3190 1264 3289 insignia
1282 3192 1437 3281 dextra,

447 3294 559 3367 Eccel
579 3296 676 3368 iaces
694 3307 815 3371 tectus
833 3296 902 3369 vili
923 3296 1095 3393 captivus
1114 3321 1247 3369 arena:
1290 3325 1294 3334 ·

446 3400 589 3495 Cuique
608 3401 711 3474 sitim
731 3428 924 3496 nunquam
944 3413 1118 3500 poterant
1136 3403 1369 3501 restinguere
1388 3401 1554 3491 nummi,
1671 3474 1675 3481 ,

444 3506 591 3584 Ebullit
608 3508 798 3602 liquidum
818 3509 958 3606 patulis
977 3508 1015 3580 in
1034 3506 1207 3582 faucibus
1226 3533 1373 3581 aurum.

445 3613 615 3687 Romana
634 3614 721 3687 hinc
740 3614 845 3689 dives
863 3617 1003 3713 praeda
1022 3616 1133 3688 modo
1152 3614 1349 3710 torquibus
1368 3614 1502 3711 amplis

447 3719 611 3795 Ornatur
628 3721 813 3814 Parthus,
833 3722 893 3795 cui
913 3730 1031 3819 parva
1048 3721 1205 3795 monilia
1224 3722 1319 3795 eollo

446 3829 664 3902 Pendebant
682 3828 807 3925 priuS,
826 3840 864 3902 et
883 3829 1068 3902 renitebat
1087 3854 1205 3926 parve
1222 3828 1402 3925 supellex.

551 3934 654 4009 Haec
672 3936 772 4008 mala
790 3938 1004 4033 producunt
1023 3934 1271 4034 praegnantis
1289 3935 1438 4008 saecula
1456 3934 1587 4033 culpis.

446 4040 695 4139 Coniugiique
712 4040 806 4115 fides
824 4053 963 4131 cessat,
984 4055 1202 4136 rectumque
1222 4040 1419 4138 piumque,

445 4147 494 4221 Et
511 4172 631 4246 genus
649 4160 762 4242 atque
780 4150 909 4223 domos
929 4148 1067 4242 linquit
1086 4145 1313 4247 praestantia
1331 4171 1489 4221 morum.

446 4252 579 4343 Quid?
598 4254 670 4327 nisi
687 4256 813 4328 tristes
830 4255 919 4328 hinc
937 4255 1082 4343 clades,
1100 4255 1174 4328 nisi
1192 4254 1292 4327 bella
1309 4269 1466 4329 cruenta

361 4448 364 4457 A
445 4361 487 4433 ln
507 4360 668 4457 patriam
686 4363 943 4461 populumque
962 4363 1107 4450 fluunt,
1125 4362 1300 4455 altaeque
1320 4360 1459 4433 ruinae.

552 4470 608 4541 Ad
626 4469 756 4542 molles
774 4468 910 4541 teneris
928 4466 1148 4565 finguntur,
1168 4478 1286 4540 matre
1305 4467 1478 4559 iubente,

446 4574 570 4649 Motus
589 4574 707 4649 ionios
725 4586 762 4649 et
781 4574 938 4647 erimina
956 4575 1126 4647 membra
1145 4573 1302 4672 puellis;

445 4682 683 4776 Incestosque
702 4680 787 4756 rudi
807 4680 882 4754 iarn
901 4705 1000 4753 nunc
1020 4680 1251 4754 meditantur
1269 4704 1414 4753 amores

436 4784 619 4879 Pectore,
639 4813 731 4883 quos
751 4787 925 4883 deinceps
943 4798 1028 4859 tuto
1047 4812 1222 4859 exercere
1240 4788 1421 4861 laborent.

446 4896 479 4967 Α
497 4894 604 4968 cunis
623 4906 781 4969 cernunt
800 4917 976 4991 perversa
995 4894 1170 4991 exempla
1188 4904 1386 4991 parentum

446 5002 489 5074 ln
507 5025 606 5074 seros
625 5002 737 5076 etiam
758 5002 948 5096 quondam
968 5011 1129 5073 ventura
1148 5006 1311 5098 nepotes
