4084 6000
876 1141 1078 1244 Elegio
1105 1141 1193 1226 vl.

404 1369 458 1436 Ad
482 1375 688 1433 Iosnrnnn
712 1363 988 1433 archiducem!
1016 1364 1110 1451 repat
1134 1363 1328 1452 anqcrr'ce
1342 1364 1559 1462 'palatinum
1588 1363 1666 1430 dum

710 1487 860 1555 unitates
876 1492 1052 1555 momcccr
1070 1487 1226 1554 inviseret
1249 1485 1360 1555 1822.

456 1641 533 1754 Nec
551 1677 608 1753 bis
627 1680 808 1751 flaventes
827 1677 981 1777 collegit
999 1702 1141 1752 messor
1158 1675 1310 1767 aristam

563 1784 639 1860 Nec
657 1783 776 1858 violas
795 1783 905 1859 toties
922 1796 1024 1859 terra
1041 1809 1218 1880 rosasque
1237 1783 1335 1858 tulit.

458 1892 534 1968 Nec
552 1892 611 1966 bis
631 1902 847 1991 spumantes
866 1892 1028 1966 calcavit
1045 1892 1190 1966 vinitor
1203 1888 1319 1982 uvas,

563 1997 730 2074 Pomifer
747 1999 951 2073 autumnus
970 2025 1038 2074 nec
1057 2021 1125 2073 sua
1143 2023 1255 2099 poma
1274 1998 1388 2072 dedit.

455 2107 577 2207 Regia
595 2109 696 2201 quod
715 2107 876 2199 soboles,
894 2132 964 2205 par
981 2107 1151 2200 nomine,
1171 2105 1362 2206 dignaque
1380 2117 1484 2180 tanto
1616 2103 1619 2106 ’

562 2216 691 2306 Patre,
710 2216 827 2287 bonos
846 2213 953 2304 nobis
971 2214 1129 2289 iusserat
1147 2213 1203 2287 ire
1221 2213 1310 2287 dies

457 2321 536 2396 Has
555 2322 658 2394 sedes
676 2321 787 2396 vultu
806 2321 985 2421 dignatus
1004 2347 1145 2417 nosque
1164 2345 1292 2394 sereno

564 2430 767 2504 Aeternum
785 2426 913 2503 vinxit
929 2441 1081 2528 pectora
1100 2439 1226 2502 nostra
1244 2427 1327 2502 sibi.

456 2533 638 2612 Excelsa
657 2537 782 2611 dotes:
802 2534 905 2610 frons
924 2561 1103 2632 mensque
1122 2537 1291 2626 excelsa,
1309 2531 1453 2634 lepores
1527 2566 1548 2588 ‚-

562 2641 735 2737 Eloquii‚
752 2643 853 2716 vires
872 2643 1106 2722 conciliantis
1126 2655 1242 2717 erant.

396 2841 400 2848 Ι
458 2753 505 2827 At
524 2776 624 2824 nunc
643 2749 856 2845 qnilsensus
875 2750 1136 2846 animis‘lquo
1156 2754 1306 2851 pectora
1324 2750 1460 2852 thyrso

563 2857 773 2949 Incaleant,
792 2883 919 2933 rarum
939 2859 1273 2952 concelebrentque
1292 2858 1422 2932 diem?

459 2966 636 3065 Princeps
655 2965 897 3064 Iosephus
916 2966 1052 3041 nostris
1072 2965 1243 3047 illabitur
1261 2965 1355 3057 oris,

562 3073 680 3147 Dulce
699 3075 812 3147 decus
831 3072 945 3171 patrii
963 3074 1267 3173 praesidiumque
1287 3074 1383 3147 solil*
1489 3112 1493 3122 ·

459 3181 751 3281 Augustumque
770 3181 868 3255 latus
887 3181 1028 3255 coniux
1047 3193 1231 3281 augusta,
1251 3181 1434 3280 benignos

565 3287 636 3363 Ore
657 3286 778 3374 serens
796 3288 890 3377 soles
909 3286 1108 3383 faustaque
1127 3298 1282 3383 cuncta,
1301 3287 1448 3386 premit.
1567 3370 1568 3381 χ

461 3396 492 3472 O
510 3420 594 3470 mea
613 3394 644 3467 si
661 3406 806 3470 tumeat
822 3396 1010 3494 condigno
1030 3395 1283 3486 venuculae,

565 3500 787 3599 Hospitibus
804 3502 918 3577 tantis
935 3514 1099 3602 votaque
1118 3502 1235 3604 digna
1253 3501 1377 3576 sonet!

461 3610 592 3683 Flacco
610 3620 695 3683 tuos
714 3612 843 3692 audax
862 3634 1036 3709 cuperem
1055 3614 1198 3684 tentare
1216 3609 1390 3701 volatuS,‘
1473 3608 1476 3618 '
1613 3608 1619 3615 ’

568 3715 654 3791 Sive
672 3728 757 3789 tuos
776 3715 896 3809 Naso,
914 3716 994 3792 sive
1012 3717 1161 3792 Tibulle
1179 3729 1284 3809 tum,

463 3824 514 3899 Ut
531 3822 712 3915 referam,
732 3849 828 3919 quae
846 3824 1146 3899 nos'oommunia
1166 3824 1308 3925 gaudia
1326 3834 1508 3923 tangunt,
1566 3882 1568 3887 .
1617 3824 1621 3832 “

566 3930 619 4005 Ut
637 3930 830 4031 geminent
847 3932 972 4007 cuncti
989 3945 1160 4027 votaque
1172 3956 1329 4031 spesque
1348 3954 1444 4005 suas.

463 4039 578 4113 Cerne
596 4038 677 4111 vias
697 4038 821 4130 urbis,
842 4038 941 4131 fora,
960 4040 1269 4138 compitapcerne
1287 4049 1457 4138 penates:
1528 4068 1550 4107 η

567 4143 701 4219 Nullus
720 4145 884 4221 laetitiae
903 4172 979 4221 non
998 4158 1109 4221 vacat
1128 4172 1246 4245 usque
1266 4146 1381 4220 locus.

465 4252 665 4352 Spectandi
684 4253 807 4327 studio
826 4246 1061 4328 concurritur
1079 4254 1266 4351 undique,
1285 4264 1427 4331 certant

442 4453 446 4459 Ι
569 4360 739 4453 Cunctis,
759 4360 825 4456 qui
843 4386 958 4459 prope
977 4372 1084 4453 sunt,
1104 4361 1350 4461 praeripuisse
1368 4362 1510 4463 locum:

464 4466 646 4543 Omnibus
664 4467 764 4541 idem
783 4468 930 4542 animus
949 4468 1296 4544 laetosdiffundere
1310 4468 1441 4542 vultus
1452 4496 1477 4558 31

567 4576 742 4668 Currere,
761 4599 837 4671 qua
854 4576 973 4674 pietas
992 4587 1193 4669 monstrat,
1213 4590 1250 4653 et
1268 4586 1379 4675 urget
1398 4599 1512 4649 amor.

463 4680 541 4755 Hos
560 4680 725 4757 formosa
743 4694 871 4757 tenent
889 4683 1054 4757 dilectae
1066 4683 1236 4785 coniugis
1255 4709 1339 4777 ora3

569 4790 658 4864 Illos
676 4801 720 4865 tu
738 4790 930 4890 princepS,
950 4800 986 4864 et
1004 4802 1071 4865 tua
1089 4789 1210 4865 forma
1227 4789 1338 4890 capit.

464 4899 556 4975 Pars
575 4910 785 4973 memorant
802 4899 953 4988 laudes,
972 4923 1058 4997 pars
1077 4923 1212 5000 regum
1231 4896 1415 4999 sanguine
1433 4908 1559 4989 natos3

573 5005 667 5085 Sunt
685 5006 823 5102 quibus
843 5015 1016 5097 ornatus,
1035 5030 1173 5108 pompa
1193 5007 1376 5101 decorque
1394 5004 1551 5102 placent.
