4084 6000
843 623 849 638 ⁸
953 604 1030 680 235

567 817 627 895 Sic
640 826 747 891 amet
764 816 887 894 virtue
904 842 1089 920 generosa
1105 819 1200 896 fines
1265 874 1267 879 -
1357 874 1363 882 ,

565 923 711 1001 Patrios
729 949 824 1000 ausu
842 925 975 1001 melior
992 926 1111 1002 tueri:

566 1032 628 1109 Sic
646 1035 767 1108 fluant
785 1033 937 1110 Croesos
956 1035 1136 1132 opulenta
1153 1035 1296 1112 circum

989 1141 1195 1217 Commoda
1212 1145 1334 1244 pacis!

567 1244 744 1322 Sedulam
764 1248 887 1344 qualis
905 1249 1087 1324 redeunte
1104 1260 1212 1345 nato,

565 1351 728 1430 Distinet
743 1366 904 1431 matrem
923 1355 1032 1432 labor
1049 1366 1162 1452 atque
1181 1385 1291 1435 cura:

565 1460 740 1566 Hospites
759 1462 827 1538 tali
844 1461 991 1540 refoves
1010 1487 1184 1540 camenas

989 1571 1101 1646 Certa
1118 1569 1269 1648 futurae

565 1675 735 1770 Gloriae,
752 1677 843 1753 ditis
861 1702 1011 1776 quoque
1030 1689 1132 1754 certa
1149 1680 1267 1773 lucri,

566 1781 746 1875 Qualibet
763 1783 871 1887 largo
890 1786 1112 1886 trepidantis
1129 1811 1261 1884 amne;
1289 1813 1292 1817 ’

566 1889 675 1966 Unde
693 1915 795 1987 moe,
813 1905 850 1968 et
867 1893 953 1987 lex,
971 1902 1010 1968 et
1027 1892 1170 1986 honor,
1185 1897 1385 1993 pudorque

670 2002 674 2008 ’
950 2093 952 2100 y
989 2000 1138 2075 Aureus
1157 2011 1317 2077 exstant.

565 2105 658 2182 Mox
676 2107 802 2182 locum
820 2107 949 2208 signas
967 2107 1097 2183 nitidis
1114 2120 1305 2208 patentem

567 2213 744 2308 Sedibus,
768 2215 902 2290 divum
920 2214 1094 2314 propiore
1112 2215 1199 2292 fano

565 2323 843 2400 Consecratum.
863 2321 903 2399 Si
920 2322 1085 2424 pretium
1104 2323 1239 2425 fugato

904 2505 907 2512 .
991 2430 1115 2507 Stabit
1131 2432 1290 2508 honesto

566 2537 751 2615 Artibus?
776 2537 936 2632 frustra,
955 2539 1109 2638 pietatis
1127 2552 1211 2616 acta

564 2646 735 2747 Longius
753 2669 845 2721 cura
863 2656 901 2721 et
919 2671 1098 2745 superum
1116 2647 1271 2740 timore,

566 2754 689 2829 Meroe
708 2753 898 2829 doetrinae
917 2776 1030 2853 super
1047 2764 1150 2829 astra
1167 2755 1270 2830 claro

992 2861 1143 2947 Vertioe
1161 2863 1303 2963 surgis·
1368 2891 1377 2908 ·

566 2966 714 3046 Deserit
733 2993 859 3045 musas
878 2971 1006 3062 decor,
1027 2994 1071 3045 ac
1088 2969 1262 3047 honores·

566 3080 754 3155 Deserunt
772 3075 914 3170 famae,
933 3076 1047 3153 simul
1066 3088 1180 3176 atque
1198 3080 1291 3156 recti

566 3185 720 3262 Limites
739 3195 850 3260 extra
867 3185 1009 3285 positas
1029 3185 1185 3284 reliquit

993 3292 1162 3379 Mascula
1181 3294 1315 3369 virtus.

567 3388 724 3500 Iamq'ue
742 3399 933 3500 praeclaro
952 3401 1085 3499 procul
1103 3401 1163 3476 his
1181 3406 1230 3498 ab
1248 3401 1325 3477 oris

567 3508 689 3585 Maior
707 3508 903 3607 exemplo,
927 3506 1074 3585 facibus
1092 3510 1239 3610 peruris

567 3617 736 3693 damulis
754 3640 891 3716 pronos
912 3616 1076 3726 animos3
1092 3628 1140 3703 ‚et
1156 3618 1230 3691 ista

530 3730 534 3735 ’
990 3722 1120 3799 Gloria
1136 3724 1213 3798 late

569 3830 748 3907 Vindicat
765 3830 907 3930 primos
925 3830 1061 3907 merito
1080 3829 1316 3932 triumphos:

569 3938 659 4014 Esse
678 3964 746 4039 pro
765 3938 894 4014 multis
913 3948 1048 4039 caput,
1065 3949 1105 4014 ct
1123 3938 1221 4015 ciere

568 4048 669 4125 Luce
687 4044 876 4121 factorum
893 4070 1096 4122 numerosa
1113 4058 1199 4148 post
1216 4072 1256 4121 se

990 4153 1107 4229 Facta
1122 4164 1311 4255 nepotum.

569 4259 719 4336 Civium
739 4284 848 4335 curas
866 4260 1007 4337 sociata
1028 4262 1160 4356 Saros,

569 4368 663 4443 Tota
682 4366 822 4467 partita
840 4379 917 4463 est,
940 4367 1184 4467 humerisque
1203 4372 1319 4446 densa

569 4474 723 4575 Excipit
740 4476 863 4553 cultus
881 4478 1072 4577 proprios,
1090 4482 1298 4574 decusque,

992 4586 1158 4685 Spesque
1176 4583 1346 4661 ferentes.

569 4690 740 4767 Praesuli
758 4714 894 4766 nomen
912 4691 1053 4767 Keozer
1071 4694 1159 4772 inde
1176 4693 1336 4785 crevit,-

571 4796 729 4875 Semseis
747 4798 855 4892 inde,
874 4810 912 4874 et
928 4800 1138 4894 PalocsaiS,
1159 4798 1438 4901 Deseoffisque,

570 4906 619 4983 Et
637 4905 775 5003 quibus
793 4906 897 4982 cordi
915 4904 989 4983 fuit
1007 4908 1219 4983 aeviternus

993 5015 1155 5116 Carpere
1172 5015 1310 5091 lauros.
