4084 6000
961 639 1171 761 ‚ar-

927 1061 1041 1150 ode
1068 1065 1213 1150 xvi.

822 1283 1011 1373 Tempestas
1027 1286 1176 1358 metatis.
1200 1281 1310 1410 1839.

595 1447 695 1568 ileu!
715 1493 799 1590 quis
816 1493 972 1570 terrifici
991 1491 1162 1570 fulminis
1178 1493 1342 1594 impetus

594 1599 754 1675 Exercet
771 1604 946 1677 tenebras
964 1626 1149 1699 caecaque
1167 1602 1309 1676 nubila.

507 1740 510 1745 ·
594 1706 648 1784 Ut
664 1708 786 1809 nigris
803 1709 926 1785 rabies
945 1706 1023 1783 seta
1041 1708 1248 1809 vaporibus
1345 1762 1348 1767 ,

594 1815 831 1890 Horrendam
848 1813 997 1917 populis
1015 1817 1220 1917 perniciem
1238 1814 1364 1915 parat!

596 1921 706 2014 Quod
724 1948 896 1998 murmur
914 1925 1095 2024 gravium
1113 1948 1259 1998 carcere
1278 1923 1438 1998 nubium

594 2029 786 2130 Erumpit!
805 2030 959 2132 propius
977 2031 1054 2106 iam
1070 2031 1227 2132 propius
1245 2042 1362 2105 tonat.

597 2139 647 2213 At
664 2138 769 2213 venti
786 2137 926 2239 rapidis
945 2163 1012 2237 per
1030 2139 1122 2240 iuga
1139 2136 1311 2230 flatibus,

595 2246 741 2343 Perque
757 2265 852 2319 ‘arva
870 2254 907 2320 et
925 2247 1073 2344 patulos
1091 2245 1359 2320 transvolitant
1373 2247 1492 2326 lacus.

595 2353 675 2428 Iam
694 2353 828 2427 Vertes
841 2344 990 2454 'rigidas
1010 2352 1187 2428 sustinuit
1204 2353 1346 2446 minas,

595 2459 827 2556 Gerardique
845 2459 937 2561 iugo
956 2460 1148 2534 detumuit
1167 2457 1282 2534 furor.

594 2565 693 2641 Hinc
712 2564 888 2667 praeceps
906 2567 1069 2643 humiles
1087 2566 1189 2640 ecce!
1209 2567 1305 2666 petit
1322 2567 1455 2667 plagas

595 2671 781 2770 Nimbus,
793 2699 884 2748 mox
903 2675 1089 2748 tremulus
1107 2699 1175 2773 per
1192 2674 1352 2773 populos
1372 2698 1492 2773 pavor

595 2780 698 2855 Inter
717 2783 930 2882 nubivagas
949 2783 1032 2854 dux
1049 2780 1195 2876 equitat
1215 2778 1324 2855 faces.

594 2888 696 2964 Dum
715 2913 828 2963 rauco
846 2898 1023 2962 resonant
1041 2886 1184 2963 interea
1202 2911 1292 2961 sono

596 2994 725 3096 Ripae,
745 2992 948 3071 fulmineus
970 3020 1084 3092 quem
1102 2994 1289 3095 glomerat
1307 2993 1448 3096 fragor.

596 3103 733 3179 Creber
751 3114 886 3178 cuncta
905 3102 1030 3199 quatit
1048 3113 1198 3201 pectora
1217 3101 1429 3195 anhelituS,

596 3210 811 3285 Pallescunt
830 3208 962 3302 facies,
981 3222 1019 3284 et
1036 3209 1191 3284 timidae
1209 3234 1337 3309 preces

598 3316 766 3393 Sublatis
784 3316 958 3391 manibus
977 3315 1179 3391 sollicitant
1196 3317 1312 3416 polos.

701 3425 750 3499 At
768 3434 823 3516 tu,
842 3425 934 3498 dum
951 3423 1142 3523 trepidant
1160 3435 1307 3517 cuncta,
1324 3425 1427 3499 leves
1445 3426 1555 3527 lyrae

595 3531 763 3609 Chordas
783 3556 857 3605 non
876 3530 1028 3606 dubitas
1046 3530 1186 3605 vellere
1203 3531 1383 3631 limpidus

598 3638 706 3716 Otii?
727 3638 820 3734 quin
839 3662 1014 3737 cuperem
1034 3638 1156 3712 dicere
1175 3638 1364 3739 numinis,

596 3744 703 3837 Quae
721 3746 823 3821 coelo
842 3746 979 3838 tonuit,
996 3746 1205 3821 terribilem
1223 3767 1398 3837 manum,

596 3851 720 3944 Quam
739 3877 838 3928 nunc
856 3852 1038 3928 munifica
1055 3852 1163 3945 hinc,
1187 3878 1376 3949 quamque
1394 3853 1561 3954 benigna
1588 3854 1651 3928 sit!

700 3961 869 4036 Halabat
886 3960 1053 4036 tumidas
1071 3970 1171 4033 tetra
1189 3959 1366 4059 Mephitis
1385 3961 1434 4033 ad

484 4146 487 4153 ,
596 4062 725 4143 Undas
744 4069 790 4142 de
809 4066 983 4167 putribus
1002 4078 1092 4141 nata
1111 4067 1337 4166 paludibus3

595 4173 673 4250 Nec
691 4198 823 4249 secura
841 4172 906 4249 diu
925 4173 1027 4267 vita,
1053 4172 1153 4248 salus
1172 4184 1320 4265 manet,

596 4282 693 4359 (lum
711 4281 894 4381 languor,
913 4275 1049 4355 macies
1069 4280 1231 4381 pallida,
1251 4280 1428 4377 milleque

497 4452 499 4457 .
595 4388 817 4465 Morborum
837 4387 976 4487 species
995 4387 1162 4486 undique
1182 4391 1376 4464 subruant.

595 4494 828 4573 Frondentes
846 4494 982 4569 avidus
1000 4496 1167 4595 pasoitur
1178 4498 1336 4583 arbores

597 4602 768 4700 vermis,
787 4612 887 4677 terra
905 4601 1006 4695 sitit,
1032 4602 1206 4700 siccaque
1225 4602 1434 4703 rumpitur,

597 4709 675 4787 Nec
692 4710 839 4809 plantas
857 4719 1003 4785 teneras
1022 4710 1220 4809 primaque
1236 4711 1409 4811 germina

598 4816 791 4895 Sustentat
809 4816 929 4918 riguis
947 4820 1039 4893 orba
1057 4816 1282 4913 liquoribus.

703 4923 804 4999 Dum
822 4934 961 4999 sortem
979 4923 1156 4999 miseram
1174 4925 1459 5001 commiseratus
1476 4937 1533 5001 est

598 5024 703 5105 Nutu
720 5040 854 5105 cuneta
872 5052 1028 5106 movens
1046 5029 1252 5107 coelituum
1270 5042 1387 5130 pater.
