4084 6000
959 579 1172 706 m...

485 794 760 893 Nequidquam.
780 795 953 873 Gemitus
971 795 1087 871 eheu!
1105 796 1291 890 lamenta,
1310 799 1479 873 ululatus

588 902 797 979 Flebilibus
816 904 1005 1004 complent
1025 903 1209 1005 compita,
1228 915 1327 980 tecta
1347 905 1457 980 sonis.

485 1010 636 1087 Scilicet
653 1011 758 1085 haud
776 1011 866 1086 satis
884 1023 940 1086 est
956 1012 1104 1086 tumido
1124 1011 1268 1087 saevire
1287 1011 1415 1088 surore

590 1119 714 1214 Atque
732 1143 834 1194 meas
851 1119 928 1194 late
946 1119 1220 1216 transequitare
1239 1121 1391 1220 plagas:

483 1223 529 1299 Ni
551 1219 664 1300 simul
682 1227 865 1301 acceleret
882 1225 1050 1301 funestas
1069 1226 1237 1323 undique
1256 1239 1421 1328 strages,

588 1333 745 1408 Incubet
763 1346 801 1408 et
818 1334 954 1436 plateis
972 1343 1117 1409 maesta
1134 1334 1247 1408 ruina
1264 1335 1369 1410 meis.

482 1439 554 1514 Hic
573 1440 691 1515 oculis
710 1443 862 1516 demum
881 1465 920 1516 se
938 1465 1049 1516 scena
1066 1440 1279 1517 miserrima
1297 1443 1448 1542 pandit;

590 1548 667 1622 nh!
686 1560 799 1649 pavet
817 1549 1015 1624 admonitu
1034 1573 1159 1642 mens,
1178 1549 1352 1647 oculique
1373 1553 1536 1624 madent.

482 1653 534 1730 Ut
552 1657 747 1754 desperato
765 1668 926 1757 poscunt
943 1656 1107 1731 clamore
1126 1657 1307 1744 salutem,

588 1763 637 1838 Et
654 1774 792 1838 matres
810 1763 978 1862 trepidae
996 1763 1222 1861 sollicitique
1240 1764 1384 1865 patresi
1410 1812 1412 1816 v

480 1869 630 1962 Quanta
649 1881 706 1944 est
723 1871 898 1945 servandi
916 1870 1036 1945 vitam
1055 1871 1263 1946 contentiol
1282 1882 1448 1968 quantus

586 1977 740 2053 Auxilio
759 1978 927 2072 miseris,
945 2002 1023 2074 qua
1040 1978 1127 2054 licet
1140 2003 1244 2071 esse,
1262 1980 1389 2054 labor!

479 2086 650 2161 Pendula
668 2088 771 2161 trabs
789 2085 939 2177 multis,
961 2085 1090 2162 multis
1110 2084 1266 2186 fastigia
1284 2087 1396 2180 tecti,

546 2182 554 2201 ⁸
585 2191 661 2271 Neo
680 2217 769 2285 sua,
787 2195 879 2268 dant
895 2192 998 2268 vitae
1017 2191 1259 2294 perfugiique
1277 2195 1414 2270 locum.

478 2297 610 2392 Quave
628 2300 722 2374 levis
741 2325 861 2400 nuper
879 2301 1102 2400 strepitabat
1118 2301 1158 2374 in
1177 2305 1310 2377 arbore
1328 2327 1474 2403 passer,

583 2407 641 2482 En
659 2420 767 2506 pater
783 2419 826 2483 et'·
838 2409 937 2501 nati,
955 2408 1063 2508 plebs
1081 2408 1313 2503 miseranda,
1333 2411 1481 2486 sedenti

478 2516 625 2592 Interea
643 2514 775 2617 fragor
791 2516 884 2609 hac,
904 2513 1036 2617 fragor
1053 2515 1158 2609 illac,
1175 2515 1309 2592 horror
1327 2518 1478 2614 ubique.-

582 2623 777 2698 Innumeri
793 2625 870 2698 late
889 2627 1123 2722 procubuere
1141 2623 1250 2698 lares
1503 2628 1505 2634 ’

477 2728 558 2806 Nou
576 2730 705 2830 paucis
723 2732 893 2806 tumulus
911 2730 1054 2832 proprii
1072 2743 1159 2806 sunt
1177 2732 1279 2806 ccccl
1298 2745 1460 2832 pene-tes.

581 2838 598 2912 l
617 2862 717 2913 nunc
736 2849 774 2912 et
791 2839 900 2913 tectis
917 2838 1040 2914 fidere
1054 2837 1154 2914 disce
1171 2838 1268 2934 tuisi

476 2943 594 3043 Siqua
612 2946 746 3021 domus
764 2945 864 3022 vires
880 2946 1116 3036 tumidarum
1134 2946 1225 3022 lusit
1242 2971 1447 3044 aquarum,

490 3108 500 3125 .
581 3053 713 3154 Aspice
733 3079 848 3151 quam
866 3055 986 3129 multo
1004 3054 1140 3130 nititur
1157 3053 1223 3130 illa
1239 3058 1344 3155 pede.

476 3161 586 3237 Forte
606 3171 736 3236 carent
755 3161 905 3258 aliquae
924 3160 1086 3260 fulcris?
1107 3161 1187 3256 eia,
1205 3162 1367 3264 inspice,
1382 3164 1503 3238 dices:

579 3269 738 3345 Ferreus
757 3280 833 3362 est,
852 3269 961 3343 siccis
978 3269 1046 3365 qui
1064 3269 1169 3344 videt
1187 3270 1258 3345 ista
1277 3270 1397 3373 genis.

474 3372 566 3467 Quis
584 3385 772 3469 vestram,
789 3376 911 3471 cives,
929 3386 1086 3466 sortem,
1108 3377 1193 3473 quis
1211 3380 1373 3478 granffla
1391 3381 1547 3471 damna,
1628 3440 1632 3447 .

549 3533 550 3538 =
580 3485 736 3560 Pectora
753 3484 840 3581 quis
859 3483 998 3561 referat
1014 3484 1173 3560 vulnere
1191 3485 1293 3561 laesa
1310 3486 1451 3586 gravi?

473 3586 596 3682 Quam
615 3592 754 3668 multos
773 3591 942 3685 nullum,
961 3617 1078 3689 quam
1097 3594 1237 3668 multos
1255 3594 1409 3694 publica
1427 3599 1593 3673 condunt

577 3699 710 3793 Tecta,
728 3725 796 3775 nec
814 3699 853 3787 iu
870 3699 1010 3775 similes
1028 3711 1129 3775 tecta
1146 3712 1279 3800 parata
1295 3702 1414 3776 vices!
1524 3764 1526 3767 .

472 3804 597 3898 Quam
615 3807 727 3883 multi
744 3808 868 3909 lacera
886 3820 954 3884 aut
971 3808 1094 3883 aliena
1111 3818 1215 3885 veste
1233 3819 1437 3910 teguntur,
1629 3810 1632 3817 ’

493 3988 496 3994 ,
578 3914 738 3991 Sericeis'
751 3910 872 4015 n'uper
889 3938 1046 4015 corpora
1064 3926 1190 3991 comta
1207 3918 1325 4019 togis!

471 4019 546 4114 Qui
561 4022 728 4123 dapibus
747 4024 885 4098 multos
904 4033 1078 4124 poterant
1096 4025 1242 4099 nutrire
1260 4025 1422 4125 paratis,
1560 4048 1566 4058 ¹

456 4200 464 4209 ,
576 4128 685 4209 Ndnc
702 4132 834 4231 pr'o‘oul
850 4131 943 4205 heu!
962 4131 1068 4206 missi
1087 4130 1193 4232 panis
1212 4132 1367 4209 aluntur
1385 4158 1464 4233 ope.
1483 4138 1485 4142 ’

470 4235 596 4330 Quae,
614 4236 757 4339 superii
777 4236 892 4313 fuerit
908 4249 1102 4314 tantorum
1120 4249 1222 4315 meta
1240 4240 1445 4316 laborum?

575 4344 652 4423 liu!
670 4346 771 4421 mala
783 4356 1024 4447 consurgunt
1041 4347 1314 4422 accumulanda
1332 4348 1453 4423 malis.

470 4451 645 4553 Improba
662 4453 879 4558 pauperieS,
898 4455 1117 4529 morborum
1136 4465 1322 4548 monstra,
1340 4458 1516 4553 querelae

545 4570 549 4577 ’
567 4561 647 4639 Tot
665 4571 809 4637 vexant
826 4554 1024 4637 homiuum
1043 4560 1164 4637 millia
1182 4562 1286 4638 mille
1306 4563 1436 4639 modis.
1519 4579 1522 4587 ’

470 4668 551 4742 lam
568 4693 683 4770 prope
702 4667 828 4745 felices
846 4669 1001 4745 haustos
1018 4668 1060 4745 in
1077 4670 1233 4773 gurgite
1251 4671 1375 4763 dicas,
1441 4757 1444 4767 ¹

574 4775 697 4869 Quam
716 4799 828 4878 porro
846 4775 993 4853 miseris
1009 4788 1068 4852 tot
1085 4800 1278 4877 superesse
1297 4779 1417 4855 malis.

468 4884 585 4961 Plura
602 4895 734 4959 vetant
752 4884 941 4988 gemitus,
959 4895 998 4959 et
1015 4882 1200 4981 quissnova
1217 4887 1377 4962 vulnera
1394 4886 1501 4963 cordi
1568 4948 1591 4980 ,.
1620 4886 1622 4889 ’

573 4992 738 5093 Inflig'it,
756 4992 857 5068 vires
875 4992 1066 5074 subtrahit
1082 4993 1162 5093 ipse
1180 4994 1296 5068 dolor.
1315 5007 1318 5011 ’

943 5177 1154 5190 .....-.---
