4084 6000
914 617 1124 744 Q..-

854 1045 1056 1150 Elegia
1083 1047 1198 1131 xv.

670 1269 896 1358 metaphrasis
914 1270 950 1339 l.
970 1269 1014 1338 11.
1034 1267 1123 1339 ores
1146 1263 1203 1337 16.
1224 1267 1366 1338 Horatii.

441 1442 567 1557 Nauta
583 1484 799 1584 procellosis
818 1486 981 1560 iactatus
999 1459 1199 1577 fluctibus,
1218 1493 1318 1558 atras

545 1590 648 1666 Dum
666 1588 831 1692 trepidat
848 1597 989 1685 nobee,
1007 1593 1084 1668 otia
1102 1592 1243 1666 blanda
1261 1588 1368 1689 petit.

441 1695 580 1772 Nubila
599 1725 674 1795 qua
692 1700 844 1794 lunam,
863 1726 939 1798 qua
957 1701 1081 1775 sidera
1100 1698 1232 1773 nubila
1251 1697 1437 1784 condunt,

545 1804 662 1880 Nulla
680 1808 782 1882 salus
801 1808 878 1902 illi,
897 1834 979 1910 spes
998 1831 1150 1904 quoque
1169 1806 1276 1880 nulla
1293 1802 1419 1876 micat..

441 1911 528 1988 Otia
545 1913 699 2008 Thrax,
716 1915 894 2012 Medique
911 1928 1069 2017 rogant3
1088 1917 1250 2012 quorum
1269 1911 1332 1984 ille
1352 1907 1499 1982 furente

546 2021 667 2096 Marte
685 2021 795 2098 ferox
812 2023 931 2118 vivit,
949 2023 1092 2099 missile
1111 2034 1150 2098 at
1169 2022 1266 2096 alter
1284 2030 1394 2094 amat.

441 2127 531 2203 Otia
548 2154 624 2204 non
641 2131 823 2232 gemmiS,
841 2158 915 2206 non
935 2146 971 2208 et
989 2130 1140 2207 venalia
1158 2133 1312 2232 bysso.
1339 2155 1342 2164 ’

547 2236 739 2338 Grosphe,
754 2252 884 2340 putes:
903 2265 978 2315 non
996 2239 1058 2314 his
1075 2239 1197 2340 gloria
1216 2247 1323 2312 tanta
1341 2235 1456 2311 venit.

442 2344 510 2421 (lui
529 2344 659 2423 miseri
678 2347 794 2423 tacito
812 2361 975 2450 regnant
992 2348 1194 2422 sub-corde
1213 2345 1422 2437 tumultu,

545 2452 595 2529 Et
612 2458 772 2532 mordax
792 2454 935 2530 circum
954 2467 1125 2555 tempora
1143 2479 1236 2530 cura
1257 2455 1381 2529 volat:

443 2559 522 2638 Non
543 2587 680 2662 gazae,
698 2570 773 2639 non
790 2561 885 2639 haec
903 2564 1014 2638 lictor
1032 2563 1134 2638 mala
1152 2561 1315 2637 consulis
1331 2562 1412 2660 ipse

547 2670 776 2746 Submovet:
794 2670 854 2746 his
873 2695 986 2746 curae
1005 2672 1135 2746 cedere
1154 2670 1293 2768 quippe
1313 2683 1463 2768 negant.

442 2779 550 2856 Felix
570 2804 659 2879 prae
677 2778 855 2875 reliquis,
873 2779 1070 2875 multoque
1087 2778 1235 2854 beatior
1252 2778 1316 2852 ille
1335 2789 1410 2868 est,

547 2885 623 2979 Qui
642 2889 737 2962 bene
756 2889 802 2961 de
819 2911 938 2986 parvo
957 2885 1090 2960 vivere
1106 2885 1239 2962 doctus
1259 2883 1341 2960 erit.

443 2995 563 3074 Ornat
579 2994 642 3070 cui
659 2992 764 3069 tenui
783 3018 953 3070 mensam
972 2994 1169 3094 splendore
1188 2991 1369 3085 salinum,

548 3103 597 3178 Et
616 3102 677 3178 cui
696 3126 771 3177 non
790 3127 939 3178 somnos
958 3126 1051 3177 cura
1069 3102 1258 3198 timorque
1273 3099 1428 3201 sugant.

443 3207 538 3287 Nam
558 3210 651 3307 quid
670 3211 791 3285 multa
809 3210 919 3285 brevi
936 3209 1149 3287 iaculamur
1166 3220 1334 3307 tempore
1352 3208 1483 3287 vitae?

548 3319 625 3395 Cur
642 3328 747 3393 ustos
765 3317 840 3392 alio
859 3318 936 3392 sole
954 3329 1128 3418 petamus
1147 3318 1290 3419 agros?

444 3431 501 3503 An
519 3425 672 3527 propria
690 3423 809 3521 siquis
827 3425 953 3526 patria
970 3424 1049 3501 sors
1068 3426 1213 3501 vixerit
1232 3425 1344 3517 exul,

549 3533 595 3610 Se
613 3526 872 3630 quoq'ue'cum
890 3532 996 3608 vitiis
1014 3531 1159 3633 fugerit
1177 3532 1256 3632 ipse
1275 3533 1384 3607 suis‘l
1456 3542 1462 3610 ζ
1483 3542 1492 3613 “.

445 3642 598 3720 Scandit
616 3652 654 3715 et
671 3650 816 3715 aeratas
834 3640 962 3730 delicti
980 3641 1129 3715 conscia
1147 3664 1262 3715 naves

547 3748 673 3845 Mens3
693 3747 813 3845 equiti
830 3747 971 3848 pariter
988 3747 1163 3847 iungitur
1180 3747 1400 3823 illa'comes.
1435 3780 1437 3786 ¹

444 3857 556 3934 Ocior
574 3856 641 3930 illa
659 3856 765 3931 volat
782 3855 923 3947 cervis,
941 3854 1046 3935 volat
1065 3854 1168 3929 ocior
1185 3853 1307 3945 Euro,
1453 3866 1455 3871 '
1514 3924 1517 3929 .
1539 3926 1543 3933 ,

542 3962 625 4057 Qui
643 3962 743 4062 potis
759 3974 816 4037 est
834 3962 946 4064 nigra
964 3963 1123 4037 condere
1142 3964 1243 4037 nube
1259 3961 1376 4062 polos.
1468 3970 1495 3995 '⁴'

446 4074 489 4148 ln
509 4064 682 4173 praesens
700 4070 844 4164 lactus,
861 4069 988 4145 renuit
1006 4093 1138 4145 curare
1158 4066 1310 4159 lutura,
1412 4078 1416 4085 '
1495 4138 1499 4145 .
1527 4104 1532 4113 ’

548 4174 798 4255 Dissimulans
817 4178 898 4253 risu
916 4176 1025 4252 sortis
1044 4201 1174 4253 amara
1186 4201 1301 4253 suae·
1322 4250 1325 4255 ,
1486 4250 1491 4255 .

445 4285 673 4363 Scilicethic
690 4285 789 4360 nihil
806 4296 864 4360 est
880 4284 983 4361 omni
1002 4286 1048 4359 de
1066 4297 1171 4385 parte
1189 4286 1363 4365 beatum:
1406 4320 1408 4325 ·
1465 4318 1473 4358 .·
1512 4292 1601 4365 ,211⁷

550 4393 636 4470 Sors
656 4395 767 4468 modo
786 4416 883 4489 quae
902 4391 1018 4485 favit,
1036 4416 1129 4467 mox
1148 4390 1303 4469 inimica
1321 4396 1489 4491 premens

444 4502 633 4589 Illustrem
645 4500 771 4576 >vitam
790 4501 865 4574 cita
883 4524 982 4578 mors
1002 4499 1155 4600 abrupit
1172 4498 1351 4595 Achillis3
1365 4492 1380 4539 ἶ
1511 4512 1525 4573 ·.’

460 4624 464 4630 ’
549 4606 711 4688 Tithoni·
722 4606 893 4683 extendit
910 4608 1025 4710 longa
1041 4618 1192 4683 ¹senecta
1208 4606 1299 4683 dies,
1341 4642 1342 4645 ¹
1396 4644 1398 4647 ·
1431 4642 1435 4681 ;
1479 4620 1481 4625 “

445 4716 550 4808 Quae
568 4716 803 4792 sorsdextra
821 4713 917 4790 mihi
936 4724 1012 4806 esa,
1030 4714 1099 4789 tibi
1119 4714 1192 4791 erit
1211 4712 1287 4789 sors
1306 4712 1378 4791 illa·
1392 4712 1567 4791 sinislra·
1590 4720 1594 4727 '

551 4824 655 4899 Hora
672 4822 769 4899 mihi
785 4821 966 4913 rutilans,
984 4832 1067 4913 atra
1086 4819 1216 4899 futura
1233 4820 1304 4897 tibi
1315 4832 1389 4897 est.
1422 4912 1425 4919 Ι
1454 4878 1465 4900 ν,
1476 4828 1489 4899 ’,

444 4930 500 5007 Tu
521 4930 705 5033 gregibus
723 4940 895 5021 centum,
914 4927 1045 5007 siculis
1060 4940 1104 5005 tu
1123 4930 1275 5030 cingere
1293 4927 1419 5007 vaccis
1431 4964 1441 5018 ·‚
1455 4964 1472 5005 α
1494 4998 1504 5009 ,
1526 4962 1545 5007 .··
1559 4934 1602 5019 :sl

551 5036 763 5138 Terapidis
780 5047 908 5113 vectat
924 5037 1088 5137 pulchra
1098 5035 1299 5141 quadriga·
1313 5036 1416 5117 rotis..
1455 5110 1457 5117 ,
1475 5046 1493 5086 '-
