4084 6000
955 573 1001 646 41

400 785 476 862 Nec
494 785 597 863 satis.
616 785 695 860 Enl
714 786 873 862 rutilant
889 785 1134 886 Lecpoldi
1152 786 1319 888 insignia
1338 801 1463 864 vestro

505 895 671 970 Pectore.
693 894 755 969 Sic
772 893 915 993 patriae
933 905 980 968 te
999 893 1105 968 fovet
1122 917 1242 990 usque
1261 906 1377 994 pater.

401 1000 524 1093 Quin,
541 1001 665 1078 tribus
683 1012 769 1075 ante
787 1001 896 1074 annis
914 1002 1018 1096 quod
1035 1001 1141 1076 venit
1158 1002 1287 1078 lumen
1306 1002 1479 1095 honoris,

506 1107 560 1184 Ut
578 1133 647 1184 sua
665 1107 856 1183 diffundat
873 1106 1052 1209 fulgura,
1070 1119 1218 1210 tempus
1237 1111 1352 1184 adest.

402 1216 554 1316 lungite
572 1226 662 1291 vcta
680 1215 773 1290 meis
791 1213 997 1308 ferventia,
1017 1216 1188 1313 quisquis
1207 1241 1334 1292 amore

509 1324 603 1400 Tam
625 1324 703 1396 cari
722 1322 855 1422 capitis
874 1325 988 1397 corda
1006 1323 1152 1420 liquata
1170 1323 1281 1424 gerit.

403 1431 498 1506 Ecce
516 1431 716 1507 tribunalis
735 1430 949 1505 conscendit
967 1430 1134 1505 culmina
1153 1430 1313 1524 summi,

407 1574 411 1591 ·
509 1538 702 1637 Septem
719 1537 787 1612 ubi
806 1537 1017 1612 circumdat
1036 1537 1138 1611 clara
1157 1561 1294 1612 corona
1311 1539 1422 1613 viru
1434 1563 1483 1614 m.

404 1645 477 1738 Ut,
496 1671 572 1742 qua
590 1645 755 1720 iustitiae
774 1656 811 1718 et
829 1645 1003 1718 candoris
1020 1645 1105 1720 luce
1123 1645 1308 1738 micabat,

508 1752 637 1830 Latius
654 1753 695 1826 in
713 1752 855 1851 patriae
873 1754 1074 1827 commoda
1092 1763 1194 1828 certa
1211 1754 1347 1828 vibret.

403 1860 567 1935 Felicem
584 1859 762 1959 patriam!
781 1858 889 1933 cuius
909 1859 941 1932 si
958 1859 1052 1933 talia
1070 1883 1204 1959 corpus

506 1968 677 2042 Membra
694 1976 849 2067 regant,
868 1964 1019 2066 fugient
1037 1967 1160 2042 tristia
1178 1991 1350 2064 quaeque
1369 1970 1511 2066 procul.

402 2075 565 2151 Felicem
583 2098 730 2173 semper
745 2084 852 2148 tanto
871 2077 941 2148 sub
959 2074 1136 2174 praesule
1155 2076 1320 2166 clerum,

508 2181 704 2278 Quemque
722 2181 823 2282 regit
839 2191 967 2255 tenero
986 2182 1119 2281 plenus
1138 2207 1264 2258 amore
1284 2181 1460 2282 gregem!

405 2289 436 2366 O
454 2290 678 2389 praesul,
696 2288 863 2380 meritis,
881 2288 1006 2362 titulis
1025 2288 1219 2390 signisque
1239 2290 1390 2364 decore!

511 2397 684 2496 Suscipe,
701 2421 799 2493 quae
817 2406 899 2471 toto
917 2407 1069 2495 pectore
1086 2408 1176 2470 vota
1195 2399 1339 2471 damus.

404 2504 515 2580 Astra
532 2504 635 2591 tuis
653 2503 808 2580 faveant
825 2504 1025 2603 precibus,
1044 2503 1218 2599 votisque
1238 2507 1462 2595 secundent,
1516 2515 1521 2524 “

511 2612 637 2710 thue
656 2623 707 2687 tu
719 2638 743 2686 a
760 2613 823 2688 hic
840 2611 965 2686 virtus
984 2611 1034 2686 sit
1052 2611 1257 2704 diuturna,
1277 2611 1419 2686 sinant!

883 2865 1094 2878 *-

849 3088 1053 3212 menn
1080 3109 1141 3193 V.

356 3296 410 3368 le
436 3296 601 3391 lqnutium
628 3295 664 3365 L.
701 3296 739 3363 B.
768 3300 961 3362 szEPESSY
990 3296 1182 3383 episcopum
1209 3296 1622 3383 quiaque-ecclesiaram,

584 3405 763 3474 dioecesim
780 3417 877 3471 acm
896 3404 1057 3472 canonice
1075 3404 1266 3472 invisentem
1288 3402 1398 3475 1828.

409 3540 518 3656 Nunc
536 3606 623 3655 mea
640 3605 742 3655 nunc
761 3580 870 3655 solito
888 3580 1056 3654 divinius
1075 3580 1379 3655 irruatoestrum

515 3687 693 3780 Pectora,
711 3712 781 3787 par
798 3688 948 3788 magnis
966 3712 1108 3788 magna
1127 3712 1257 3762 sonare
1276 3688 1407 3763 modis.

413 3794 496 3871 Non
513 3795 653 3872 virides
669 3806 840 3887 tanturn,
858 3798 1056 3869 doctorum
1075 3795 1262 3893 praemia,
1289 3797 1414 3873 lauros

516 3903 615 3979 Oura
632 3928 771 3978 vovere
790 3902 887 3977 mihi
907 3914 963 3977 est
981 3912 1243 3997 nestoreosque
1262 3903 1359 3976 dies:

411 4009 534 4085 Altius
552 4014 726 4085 ardemus
744 4010 876 4084 calidis
894 4034 1091 4110 assurgere
1109 4010 1228 4100 votis,

515 4118 625 4211 Illac,
643 4142 719 4213 qua
736 4118 858 4192 virtus
877 4118 1020 4217 templa
1038 4117 1204 4191 verenda
1221 4125 1334 4191 tenet.

412 4225 506 4299 llluc
524 4236 562 4300 te
581 4226 740 4300 rutilans
760 4226 982 4299 meritorum
1001 4223 1124 4324 gloria
1142 4222 1251 4297 vexit

517 4331 708 4433 Ignati,
726 4333 870 4431 patriae
889 4333 1034 4427 luxque
1054 4333 1244 4426 decusque
1262 4341 1387 4405 tuae.
1494 4371 1496 4379 ν

414 4438 452 4514 si
471 4439 560 4513 sinis
579 4440 792 4540 ingrediar,
812 4438 991 4513 mirantes
1010 4437 1123 4535 quive
1142 4447 1312 4511 moratur

518 4546 743 4647 Fulgorem,
762 4548 939 4621 accedam
957 4571 1032 4642 quo
1052 4546 1139 4619 licet
1156 4568 1275 4640 usque
1293 4546 1398 4641 pede.

415 4652 532 4752 Saepe
549 4655 647 4728 mihi
665 4653 763 4745 cari,
783 4653 912 4749 quite
932 4653 1082 4745 videre,
1105 4653 1268 4743 sodaleS,

520 4761 643 4857 Atque
663 4761 747 4853 alii,
766 4762 937 4859 praesul,
957 4760 1080 4834 dicere
1099 4783 1207 4858 saepe
1228 4757 1364 4832 solent:

416 4868 455 4944 Si
472 4870 634 4969 grandes
652 4868 794 4967 patriae
813 4866 918 4941 cordi
938 4877 993 4941 est
1011 4866 1188 4941 cecinisse
1207 4866 1419 4956 columnae,

522 4974 581 5050 Sit
601 5000 730 5050 musae
748 4974 923 5076 princeps
942 4997 1033 5047 cura
1054 4974 1294 5074 Saepessy
1311 4983 1409 5047 tuae.
