4084 6000
1026 643 1101 717 218

532 857 649 934 Oloris
667 859 823 931 decorae
839 853 962 928 laudis
980 855 1020 929 in
1039 855 1145 930 atriis

530 965 669 1040 Audax
688 958 816 1038 videre
835 971 891 1034 est
909 987 1032 1055 musa,
1050 963 1262 1040 virentibus

637 1073 827 1162 Ardetque
845 1069 974 1162 sertis,
997 1071 1122 1164 lause,
1139 1074 1274 1147 vestris

741 1175 924 1250 Emeritas
942 1177 1119 1253 redimire
1136 1177 1289 1257 frontes,

530 1285 606 1359 Nec
623 1285 751 1360 horret
769 1281 847 1357 aori
863 1283 995 1358 Martis
1013 1285 1166 1360 acinace

531 1393 677 1467 Munita
694 1392 814 1466 vivax
833 1389 956 1465 dicere
973 1403 1145 1490 pectora3

636 1499 817 1576 Gemente
835 1522 903 1572 nec
921 1509 1042 1573 metro
1060 1498 1204 1601 refugit

742 1605 973 1706 Sangvineas
991 1632 1198 1684 memorare
1217 1611 1351 1686 clades.

531 1714 692 1789 Virtutis
710 1723 816 1813 optat
834 1714 979 1812 saepius
998 1714 1151 1815 ignibus

530 1823 689 1917 Liquere
707 1820 875 1916 blandis3
895 1821 1043 1920 saepius
1061 1822 1208 1897 evibrat

635 1930 748 2004 Acres
766 1930 910 2004 iambos
928 1928 968 2002 in
986 1930 1180 2023 scelestos,

739 2037 860 2110 Docta
877 2038 994 2111 bonos
1013 2062 1194 2137 generare
1212 2062 1345 2111 mores.

531 2143 578 2216 Et
596 2167 663 2217 vos
683 2141 813 2244 fugaci
831 2143 984 2243 gurgite
1004 2145 1151 2243 gemuli

530 2250 682 2342 Fontes,
702 2262 740 2325 et
757 2249 890 2349 amplis
909 2249 1108 2325 frondibus
1127 2252 1267 2325 arduae

637 2358 761 2433 Silvae
779 2359 917 2432 morari
935 2358 1165 2434 concitatum

740 2465 840 2541 Vina
858 2465 1003 2562 iocique
1022 2467 1149 2540 soletis
1168 2475 1345 2541 oestrum.

943 2981 1056 3088 ode
1084 3004 1171 3089 lv.
1262 3018 1268 3031 ‘

1000 3226 1118 3296 raras.

530 3393 659 3510 virtus
678 3432 836 3509 modesti
854 3434 1013 3548 pectoris
1033 3436 1181 3527 accola,

530 3543 698 3644 Cognata
716 3543 838 3635 coelo,
857 3541 1090 3642 terrigenum
1110 3544 1243 3635 decue,

634 3650 684 3726 Et
701 3651 845 3750 grande
863 3650 1030 3724 nutantis
1049 3652 1220 3725 levamen

740 3757 871 3851 Orbis,
890 3783 996 3833 amor
1013 3758 1192 3857 sapientis
1211 3768 1250 3832 et
1267 3784 1361 3857 spes.

529 3866 694 3942 Tandem
714 3865 877 3941 coruscis
894 3866 996 3965 eripe
1013 3877 1051 3941 te
1069 3866 1186 3965 polis,

529 3973 758 4071 Nostraeque
777 3998 906 4049 musae
923 3974 1097 4049 blandior
1115 3974 1257 4071 asside3

634 4082 738 4158 Haec
756 4091 793 4156 te
810 4082 985 4156 volaturo
1005 4083 1155 4156 laborat

740 4190 872 4290 Regna
890 4214 1002 4289 super
1018 4190 1253 4289 populosque
1272 4213 1388 4263 curru

457 4366 461 4376 ,
530 4300 705 4391 Portare,
723 4296 827 4371 nisus
845 4296 1033 4396 primitias
1052 4296 1111 4371 sui

531 4406 615 4482 Tibi
633 4407 832 4502 sacrand03
851 4428 987 4480 nomen
1005 4414 1041 4479 et
1058 4403 1249 4504 inclytum

635 4513 854 4614 Dignasque
873 4511 1060 4588 mansuris
1078 4511 1118 4585 in
1136 4535 1273 4585 aevum

743 4618 980 4696 Carminibus
999 4621 1188 4694 celebrare
1206 4618 1347 4691 laudes.

530 4729 636 4821 Quae
654 4752 763 4804 musa
780 4726 918 4802 nobis‘?
938 4727 1023 4823 quis
1042 4726 1148 4801 dabit
1166 4725 1343 4817 entheos,

416 4862 421 4874 ‘
531 4838 684 4929 Virtus,
702 4833 854 4911 remotis
874 4835 1025 4910 sedibus
1043 4834 1187 4909 inviam
1214 4832 1219 4840 *

636 4944 687 5020 Te
707 4944 861 5019 access’e
879 4942 1075 5017 maiestate
1093 4943 1242 5041 plenam

741 5048 904 5125 Lumine
918 5050 1002 5146 quis
1019 5051 1149 5126 videat
1165 5048 1373 5147 protervo?
