4084 6000
405 813 582 886 Attamen
601 809 639 882 in
657 809 783 884 medio
803 809 952 884 iactatis
970 811 1123 885 turbiue
1142 819 1357 907 nunquam,

510 915 720 1007 Quomiuus
740 919 1117 1017 adproperetldextra
1134 917 1320 1017 benigna,
1339 919 1440 995 sinit.
1455 902 1458 925 Ι

405 1025 466 1100 Sic
485 1022 644 1122 placidis
662 1025 786 1098 ventis
804 1035 988 1098 torrentes
1007 1022 1191 1123 temperat
1210 1040 1354 1123 aestus3

510 1129 671 1229 Frigora
688 1131 742 1204 sic
759 1157 876 1205 verno
895 1132 971 1204 sole
991 1131 1150 1205 molesta
1171 1131 1291 1234 l'ugat'.

406 1237 454 1312 Et
473 1237 594 1328 tibi,
612 1235 675 1312 cui
694 1238 864 1336 titubant
883 1238 1028 1337 ingenti
1047 1251 1200 1338 pectora
1218 1252 1345 1331 motu,
1426 1288 1429 1294 κ

509 1343 558 1417 Et
576 1343 688 1416 video
708 1355 870 1418 maestas
889 1346 1009 1417 imbre
1028 1346 1178 1418 madere
1197 1371 1337 1446 genas,

406 1451 479 1526 Fas
497 1463 554 1524 est
571 1449 718 1524 laetitia
734 1453 888 1525 tandem
905 1451 1083 1525 diducere
1102 1451 1284 1544 frontem,

511 1556 579 1648 Et,
598 1582 674 1652 quo
692 1558 792 1631 celsa
808 1561 930 1632 beant
940 1570 1043 1631 astra
1062 1555 1211 1650 favore,
1230 1558 1317 1633 frui.

405 1661 501 1737 Ecce
519 1674 629 1737 tuos
648 1664 764 1750 siccat
781 1663 1024 1738 lacrimarum
1043 1689 1065 1738 a
1083 1665 1239 1738 flumine
1256 1666 1408 1759 vultus,

510 1767 669 1846 Nomine
689 1782 802 1866 quem
820 1771 982 1869 patris
1001 1771 1083 1844 iure
1101 1797 1236 1846 vocare
1256 1774 1362 1847 soles
1444 1779 1447 1786 ’

407 1875 482 1951 Nec
500 1875 613 1950 satis:
631 1876 738 1950 heml
757 1877 867 1951 solito
885 1878 1008 1951 maior
1025 1878 1124 1951 tibi
1144 1904 1283 1977 pompa
1300 1882 1467 1972 renidet,

510 1984 587 2058 Ista
603 1984 758 2078 quidem
776 1984 998 2076 attonitam,
1015 1981 1092 2080 quo
1112 1997 1339 2078 remoretur,
1358 1987 1483 2061 habet.

406 2089 497 2181 Eia,
515 2116 608 2189 age,
627 2089 850 2183 lustremus,
868 2117 1040 2187 quaeque
1060 2091 1130 2164 hac
1149 2093 1255 2166 veuit
1274 2095 1420 2192 ampla,
1439 2120 1616 2174 coronam

512 2195 828 2272 Pontificum
846 2204 1016 2290 mecum,
1036 2223 1096 2273 me
1114 2211 1339 2300 praeeunte,
1358 2201 1458 2277 vide.

975 2407 997 2447 ff

778 2471 868 2527 A*
1105 2473 1157 2524 r.

406 2621 482 2712 Qui
501 2621 607 2696 venit
624 2647 647 2696 a
665 2623 832 2715 dextris,
850 2622 922 2697 hoc
941 2623 1133 2698 Nittria
1151 2625 1322 2722 praesule
1341 2631 1505 2730 gaudet:

513 2731 562 2802 At
580 2754 695 2826 quam
714 2739 921 2828 purpureas
939 2730 1046 2804 halat
1063 2731 1112 2804 ab
1132 2753 1194 2804 ore
1214 2732 1334 2808 rosas!

411 2835 465 2910 Ut
484 2834 816 2935 fronstergemino
833 2836 1027 2935 praecellit
1045 2839 1159 2910 docta
1173 2837 1290 2911 tiara!
1402 2829 1406 2840 ¹

498 2942 565 3018 Ut
583 2943 700 3017 micat
717 2942 831 3043 ignea
849 2968 952 3018 mens
970 2941 1253 3041 palladiumque
1271 2947 1403 3046 caput!

407 3050 637 3124 Iustiniaueo
656 3050 718 3124 cui
738 3050 891 3125 numine
910 3061 1062 3149 pectora
1080 3060 1256 3149 turgent,

514 3157 663 3230 Assidet
681 3170 719 3231 et
736 3158 866 3256 legum
885 3155 1126 3251 iustitiaeque
1144 3157 1267 3255 rigor3

410 3262 691 3358 Consiliumque
709 3276 840 3361 potens
858 3276 895 3337 et
912 3262 1014 3336 mitis
1029 3262 1158 3362 gratia
1176 3264 1353 3366 linguae,

513 3370 557 3445 ln
576 3394 729 3469 superos
747 3370 868 3469 pietas
886 3368 924 3442 in
944 3370 1180 3466 patriamque
1198 3370 1312 3470 fides3

409 3474 484 3567 Qui
503 3476 601 3575 vigil
619 3478 781 3550 intendit
798 3476 974 3549 curandis
992 3476 1164 3549 moribus
1179 3479 1324 3579 Argus:
1401 3494 1403 3499 '

513 3584 646 3657 Annon
665 3584 766 3664 hunc
784 3582 918 3655 merito
938 3608 1080 3678 rexque
1099 3584 1273 3681 Deusque
1293 3590 1484 3687 probant?
1571 3599 1575 3612 '
1596 3646 1599 3651 -

410 3686 571 3780 Nittria,
590 3689 644 3763 nil
661 3690 801 3791 mirum
818 3701 890 3779 est,
907 3700 1080 3762 tenerum
1099 3716 1212 3785 quem
1232 3690 1329 3769 fovit
1347 3697 1563 3795 alumnum,

512 3796 573 3870 Ex
593 3798 690 3870 ulnis
708 3794 835 3894 rapuit
854 3797 886 3870 si
905 3795 1000 3869 Alba
1010 3794 1221 3892 ‘Varadque
1243 3801 1329 3875 tuis.
1460 3791 1461 3799 ἵ

411 3902 459 3977 Et
477 3928 576 3976 nunc
596 3900 762 4003 excelsas
780 3902 940 3976 virtutes
959 3904 1116 4001 suspicit
1134 3904 1235 3995 eiua,
1419 3998 1421 4003 Ι

517 4010 679 4083 Fervida
697 4007 838 4107 proque
858 4034 926 4082 suo
944 4010 1115 4106 praesule
1133 4022 1223 4083 vota
1240 4011 1335 4088 litat.

412 4114 598 4191 Onostris
616 4117 718 4189 salve
736 4114 950 4215 gratissime
970 4116 1124 4190 sedibus
1142 4115 1292 4215 hospes!
1456 4128 1460 4135 '

515 4226 625 4298 Astra
642 4225 821 4321 probent,
841 4221 961 4320 pietas
980 4216 1077 4317 quae
1095 4222 1167 4297 tibi
1188 4238 1315 4300 nostra
1336 4242 1459 4307 vovet.
1561 4242 1564 4247 '

869 4420 873 4427 .
978 4432 999 4473 ἣ
1060 4428 1064 4434 ,

849 4496 870 4536 r
1108 4497 1159 4557 u¹

412 4646 504 4738 Hic,
523 4648 608 4742 quis
626 4647 694 4739 sit,
713 4662 830 4742 quem
844 4643 943 4722 laeta
960 4648 1066 4723 vides
1085 4648 1222 4748 stipare
1242 4650 1458 4752 sinistram,

516 4752 618 4845 Quid
636 4756 872 4829 memorem?
889 4748 1025 4829 fiotum
1045 4768 1103 4830 sat
1122 4781 1206 4831 reor
1226 4776 1311 4833 esse
1325 4762 1399 4836 tibi

412 4858 571 4934 Dotibus
590 4861 653 4935 ille
673 4862 750 4936 suis
769 4860 985 4956 virtuteque
1004 4864 1224 4961 splendidus
1240 4868 1366 4961 omni,

517 4966 688 5042 Emeruit
707 4966 860 5060 mitras,
879 4968 976 5042 Alba
995 4970 1149 5062 decora,
1168 4982 1263 5045 tuae.

1387 5084 1412 5157 4
