4084 6000
961 682 1096 806 155*

356 891 459 985 Quos
481 892 590 968 favor
608 896 756 989 evexit,
775 923 870 995 quos
888 898 985 974 Ditis
1004 897 1129 998 gratia
1148 906 1274 994 portat

356 1001 405 1075 Et
425 1026 561 1102 genere
580 1013 619 1076 et
637 1005 793 1102 proavis
806 1017 844 1079 et
863 1006 979 1105 patris
997 1003 1147 1078 nomine
1166 1015 1293 1094 nome,

359 1109 573 1208 Degeneres
592 1135 698 1184 secus
717 1127 753 1185 et
772 1115 876 1187 nullo
895 1112 1045 1212 fulgore
1064 1121 1237 1210 nepotes,

358 1216 552 1290 Musarum
572 1244 594 1291 a
612 1219 725 1292 sacris
744 1221 855 1295 iubeo
874 1220 1006 1320 procul
1025 1243 1103 1293 esse
1123 1216 1308 1316 profanos.

464 1324 687 1426 Spsnyik
706 1329 794 1401 ades
812 1327 927 1402 sacris
945 1325 1101 1400 nostris!
1120 1336 1157 1399 te
1177 1349 1286 1398 musa
1304 1333 1510 1398 merentem

355 1429 506 1529 Eripuit
524 1432 663 1532 vulg0,
682 1435 857 1530 claraque
876 1435 916 1508 in
935 1437 1021 1508 sede
1041 1432 1203 1524 locavit,

354 1536 404 1612 Et
421 1538 540 1613 dixit:
561 1565 645 1613 mea
663 1540 733 1616 lux
753 1542 928 1641 posthac,
947 1567 1032 1615 mea
1049 1539 1191 1640 gaudio
1209 1551 1330 1612 sunto.

358 1643 418 1720 Sic
438 1657 481 1720 tu
500 1647 677 1721 budensis
696 1649 816 1722 lustro
834 1651 919 1749 plus
938 1648 1070 1748 dirigis
1089 1646 1186 1721 arcis

357 1751 508 1848 Musas3
528 1753 604 1827 iam
622 1755 699 1829 late
717 1757 917 1831 celebreris
936 1768 980 1830 ut
998 1756 1094 1828 alter
1113 1757 1161 1827 ab
1179 1753 1266 1845 illo,

357 1859 477 1934 Docta
495 1886 727 1936 novenarum
746 1886 859 1960 quem
878 1863 998 1963 poscit
1016 1887 1109 1935 cura
1127 1886 1308 1970 sororum.

359 1967 539 2067 Ingenuis
558 1971 652 2043 duce
671 1981 708 2044 te
728 1972 895 2045 surrexit
915 1969 1082 2061 moribus
1102 1979 1205 2042 aetas

357 2073 505 2167 Aurea,
524 2100 591 2174 per
609 2100 710 2150 seros
730 2079 842 2152 etiam
862 2078 1059 2152 recolenda
1078 2088 1241 2176 nepotes,

358 2179 433 2256 Nec
452 2181 575 2257 minor
592 2183 790 2259 isthmiaco
810 2186 946 2260 teneris
968 2185 1135 2258 incendit
1153 2181 1314 2257 alumnis
1401 2175 1404 2181 ’

358 2290 518 2364 Pectora
537 2288 684 2385 fervor,
705 2318 820 2393 agens
839 2294 982 2368 alacres
999 2317 1066 2391 per
1085 2301 1197 2365 acuta
1215 2290 1385 2380 viarum,

360 2396 472 2474 Certa
490 2397 628 2493 quibus
645 2412 800 2498 pateant
818 2399 1026 2500 penetralia
1046 2397 1211 2473 Palladis
1230 2397 1362 2470 almae.

360 2502 518 2601 Quaque
537 2506 646 2579 novis
664 2506 826 2581 stimulis
846 2509 961 2582 instas
982 2504 1241 2595 currentibus,
1260 2515 1297 2576 et
1317 2527 1392 2600 qua

360 2611 461 2686 Luce
479 2612 603 2711 praeis
622 2614 743 2689 multa
761 2615 972 2689 studiorum
991 2614 1137 2704 clarus,
1156 2635 1322 2684 amorem

361 2717 538 2815 Undique
556 2720 764 2820 respirans,
783 2723 949 2797 incendis
967 2731 1119 2820 pectora
1139 2743 1265 2791 amore

362 2824 557 2901 Musarum
576 2851 703 2920 sacro,
720 2828 838 2903 laetos
857 2855 924 2928 per
943 2840 982 2903 et
1001 2829 1118 2900 ardua
1137 2825 1242 2899 ducis

363 2932 557 3009 Culmina:
577 2958 645 3011 ceu
664 2936 830 3012 volucris
849 2935 1024 3036 producit
1042 2933 1082 3007 in
1100 2957 1187 3007 aera
1205 2932 1348 3033 prolem

363 3041 460 3117 Ante
478 3042 631 3136 volans,
649 3044 899 3142 comitemque
919 3068 1095 3135 morrena,
1115 3041 1305 3135 solemque
1325 3039 1422 3114 tueri

365 3150 574 3241 Provocat,
593 3150 671 3251 ipse
690 3163 820 3226 tenens
840 3151 967 3226 defixo
984 3150 1128 3224 lumine
1148 3147 1304 3247 primus.

362 3256 488 3331 Hocce
506 3259 621 3332 decus
639 3259 773 3333 merito
793 3259 1021 3360 Saegedinae
1039 3256 1117 3330 iam
1136 3255 1239 3355 prius
1258 3281 1345 3330 orae

363 3363 583 3439 Attribuere
602 3365 692 3458 tibi,
713 3392 778 3441 seu
797 3392 883 3441 cum
902 3371 1003 3466 rapis
1023 3390 1086 3453 ore
1106 3363 1244 3437 diserto

362 3472 573 3565 Attonitas,
593 3472 802 3569 animisque
821 3472 921 3549 faces
940 3470 1092 3546 virtutis
1111 3495 1237 3544 amore

365 3578 525 3655 Subiicis
544 3582 739 3674 ardentm,
758 3606 824 3657 seu
841 3605 990 3681 praeses
1009 3589 1048 3654 et
1067 3577 1208 3652 arbiter
1226 3579 1352 3652 adstas

363 3686 555 3786 Impensas
574 3688 719 3761 medius
738 3688 839 3763 vires
858 3687 1072 3788 subigentis
1091 3709 1245 3781 arenae3

364 3794 482 3890 Inque
501 3804 611 3868 vetus
631 3819 784 3869 revocas
804 3821 941 3870 aurum
959 3793 1182 3895 vigilantior
1200 3793 1302 3893 Argo

364 3900 507 3975 Mores:
528 3926 646 3997 usque
666 3913 791 3977 tamen
810 3903 943 4002 primis
962 3924 1163 4001 percarum·
1181 3910 1218 3972 et
1236 3898 1332 3971 imis.

363 4008 443 4082 Has
461 4032 533 4107 ego
552 4034 635 4108 spes
654 4008 752 4101 alui,
770 4010 854 4083 dixi
871 4010 964 4083 haec
984 4031 1168 4107 praesaga
1188 4002 1329 4095 futuri,

365 4114 460 4191 Cum
478 4126 516 4188 te
535 4115 692 4191 sollicite
713 4118 922 4191 saeclorum
940 4114 1042 4189 facta
1059 4114 1228 4213 priorum

364 4223 515 4324 Inclyta
532 4233 716 4298 nocturno
735 4224 898 4327 pariter,
916 4224 1116 4317 studioque
1136 4219 1270 4294 diurno

366 4330 595 4403 Volventem
613 4331 704 4405 vidi.
733 4330 835 4422 Quot
853 4342 890 4405 te
909 4339 1152 4405 monumenta
1172 4330 1361 4401 sedentem

366 4435 585 4537 stipabant!
605 4441 813 4535 stantisque
832 4462 989 4523 manus,
1008 4437 1211 4530 oculosque
1229 4437 1406 4508 tenebant

365 4546 537 4620 Pondera
556 4548 716 4638 quanta}
735 4570 871 4648 graves
889 4544 1063 4618 librantis
1081 4554 1230 4641 pectore
1248 4564 1380 4615 causas

368 4651 574 4742 Fatorum,
593 4650 778 4728 humanas
796 4664 1015 4726 versantum
1036 4649 1269 4749 temporibus
1288 4672 1357 4721 res.

366 4760 458 4835 Inde
476 4758 611 4832 cohors
631 4762 801 4836 studiosa
819 4771 885 4834 tuo
905 4759 980 4833 iam
1000 4758 1154 4831 numine
1175 4758 1310 4830 ductus

366 4865 521 4941 Laetior
537 4875 623 4939 acta
642 4880 818 4967 patrum,
836 4890 1064 4966 magnorum
1084 4876 1121 4939 et
1140 4863 1252 4937 discit
1271 4887 1442 4936 avorum.

367 4970 420 5049 Te
438 4971 582 5074 pariter
600 4985 830 5051 monstrante
848 4972 951 5047 viam
970 4973 1159 5045 salebrosa
1178 4969 1373 5070 magistris

368 5075 510 5159 Semta
527 5081 675 5180 planior
692 5093 749 5157 est
766 5080 868 5155 cives
886 5078 1050 5156 formare
1068 5078 1244 5175 tenellos3
