4084 6000
1064 608 1247 680 12·

508 823 539 896 Ο
558 823 702 896 utinam
722 833 766 896 ut
784 822 935 911 vultus,
954 821 1099 901 animos
1118 819 1172 893 ita
1190 843 1338 896 cernere
1357 845 1503 917 posses3

614 917 848 1027 Perfiperea
869 939 1011 1023 quanta
1028 939 1075 1003 te
1093 927 1231 1025 pietate
1250 926 1391 1000 colant!

510 1034 559 1108 Hi
578 1035 649 1109 tibi
667 1036 871 1135 longaevos
888 1047 926 1108 et
944 1035 1039 1108 soles
1057 1036 1158 1107 nube
1176 1043 1362 1123 carentes,

613 1141 665 1215 Hi
682 1141 839 1216 laudum
856 1152 1023 1241 segetem
1040 1139 1192 1235 fidaque
1211 1141 1324 1213 corda
1341 1151 1492 1214 vovent.

511 1247 550 1322 Si
569 1246 674 1321 iuvet
692 1247 893 1346 imperium
909 1259 1010 1322 terra
1028 1244 1193 1346 proferre
1213 1244 1402 1342 fretoque3
1439 1289 1442 1294 Α

614 1356 750 1429 Pareat
767 1354 925 1452 imperio
945 1365 1064 1445 terra,
1083 1352 1297 1449 fretumque
1316 1364 1410 1426 tuo.

510 1460 715 1534 Austriacis
733 1460 870 1557 aquilis
888 1460 1065 1536 comitem
1082 1459 1301 1534 victoria
1319 1483 1465 1559 semper

613 1567 659 1643 Se
680 1567 814 1663 societ3
832 1569 928 1650 duce
944 1579 983 1641 te
1000 1577 1144 1642 crescat
1161 1567 1264 1640 avita
1282 1568 1427 1640 domus

508 1674 632 1747 Aurea
651 1673 682 1748 si
701 1675 803 1772 pacis
820 1685 972 1748 teneant
989 1675 1272 1764 te'commoda‚
1289 1673 1542 1772 princepe,

613 1781 799 1880 Auspiciis
816 1781 972 1855 veniant
988 1805 1104 1856 aurea
1122 1781 1245 1854 saecla
1262 1779 1373 1854 tuis,
1539 1773 1541 1778 ’

510 1886 557 1961 Et
574 1887 747 1962 venient:
767 1889 886 1962 celsae
904 1889 1032 1979 dotes,
1051 1885 1233 1986 sapientia
1251 1911 1359 1978 rara,

614 1995 738 2090 Atque
756 1994 867 2094 vigor
885 2019 1047 2095 magnae
1066 1997 1158 2068 dant
1176 1995 1399 2067 documenta
1417 1992 1531 2091 spei.

511 2100 666 2174 Interea,
675 2101 846 2200 populis,
864 2126 950 2175 rex
968 2101 1301 2191 Ferdinande‚
1323 2101 1493 2200 regendis

612 2207 791 2282 Assuesce
810 2219 847 2281 et
863 2208 984 2282 titulis
1002 2201 1296 2302 muneribusque
1315 2207 1432 2280 novis,

508 2312 594 2404 Qua
611 2315 749 2411 patris,
767 2326 880 2410 atque
899 2315 1008 2393 aviae
1026 2314 1191 2414 vestigia
1209 2338 1357 2387 summa
1375 2313 1539 2402 tenebis,

612 2419 674 2503 Nil
692 2421 844 2512 dubita,
862 2422 1002 2519 coeptis
1019 2435 1120 2495 terra
1139 2420 1290 2519 polique
1310 2418 1450 2494 favent.

982 2696 1191 2706 ,ιι-

929 2934 1130 3039 Elegia
1157 2937 1246 3020 IV.

454 3117 625 3187 Gloriosus
642 3123 827 3191 ‘maurice
853 3127 885 3189 et
909 3122 977 3206 {aas
1001 3120 1154 3195 mutas
1179 3100 1312 3209 caputet
1330 3097 1542 3186 Fatuclscr'
1563 3130 1586 3183 ι.
1613 3123 1720 3205 tmpe-

592 3245 718 3311 rotcris
737 3245 894 3312 Austrtuc
912 3250 945 3311 ct
961 3243 1266 3337 reqtsxllucqoriuc
1290 3242 1397 3333 1835.
1417 3244 1577 3329 defuncti.

804 3429 1035 3512 tonstcrutlo
1054 3427 1184 3533 putten
1203 3430 1367 3531 Europae.

507 3561 581 3674 Per
599 3616 713 3687 quem
731 3593 932 3690 conspicuo
950 3590 1152 3692 fulgebant
1169 3617 1286 3691 regna
1305 3593 1456 3685 decore,

610 3699 659 3773 Et
675 3697 787 3773 firma
804 3698 975 3798 Europae
995 3723 1148 3797 paxque
1167 3700 1341 3794 salusque
1360 3701 1485 3796 stetit3

506 3805 582 3897 Qui
600 3831 675 3878 non
693 3816 773 3879 tam
791 3805 964 3905 princeps
980 3802 1190 3899 virtutibus
1209 3806 1398 3907 inclytuS,
1416 3832 1491 3881 uno

614 3910 736 4002 Quam
748 3923 863 4010 'pater
881 3938 904 3986 a
922 3912 1069 3987 cunctis
1088 3936 1151 3986 ore
1169 3924 1326 3987 vocatus
1345 3926 1445 4011 erat3

506 4021 579 4094 Pro
598 4043 675 4113 quo
693 4020 853 4115 quisque
872 4044 980 4095 suam
997 4019 1175 4118 cupiebat
1193 4044 1330 4117 ponere
1348 4020 1490 4113 vitam,

613 4124 661 4199 Et
679 4126 771 4199 tulit
788 4137 893 4200 orato
910 4137 1003 4200 vote
1020 4150 1223 4224 precesque
1241 4126 1339 4200 Deo:

507 4231 575 4305 Ille
593 4230 690 4305 obiit
707 4256 887 4306 caesar.
906 4233 1085 4310 Potuitne
1105 4232 1272 4306 volubile
1292 4230 1414 4309 fatum

610 4338 704 4413 Tam
722 4338 880 4416 rutilum
899 4338 1010 4414 terris
1029 4338 1210 4438 eripuisse
1229 4342 1373 4415 decus?

506 4444 641 4520 Ullane
659 4446 862 4545 lugubrior
879 4443 982 4519 fama
1000 4470 1170 4541 unquam
1188 4446 1349 4546 perculit
1367 4448 1525 4520 orbem?

610 4550 748 4625 Iustior
766 4552 807 4626 in
824 4551 975 4652 populis
993 4576 1043 4625 an
1061 4554 1167 4627 dolor
1184 4554 1285 4627 ullus
1303 4554 1415 4628 erat?

507 4658 557 4733 At
575 4682 713 4756 nuper,
732 4660 873 4755 nequid
890 4657 967 4733 fors
985 4659 1093 4735 triste
1114 4660 1278 4752 subiret,
1296 4660 1422 4759 opima

613 4764 848 4865 Flagrabant
865 4766 979 4839 sacris
997 4790 1085 4840 cum
1105 4791 1213 4865 prece
1232 4766 1347 4841 thura
1364 4764 1468 4838 focis.

473 4936 476 4940 ,
507 4869 642 4945 Nullus
661 4883 761 4964 erat,
780 4873 847 4969 qui
866 4898 940 4947 non
959 4874 1123 4971 potiores
1140 4873 1289 4947 voverit
1307 4896 1445 4962 annos,

612 4976 688 5069 Qui
705 4980 770 5079 pia
788 5006 861 5054 non
881 4980 1013 5055 tulerit
1031 5005 1206 5068 munera,
1226 4978 1351 5055 nullus
1371 4990 1461 5053 erat.
