4084 6000
940 629 987 703 15

857 745 1069 759 n*—

383 842 500 916 Frons
519 842 619 914 elata
635 840 734 931 ruit,
753 842 920 915 tumidos
938 866 1088 936 quoque
1109 846 1286 941 reprobat
1304 869 1437 940 ausus,

488 949 656 1022 Indecori
675 972 879 1046 properans
896 960 1042 1022 vertere
1059 960 1168 1049 terga
1186 949 1311 1050 fugae.

383 1056 484 1147 Quas
503 1055 630 1152 rapuit
647 1055 837 1154 Vagram‚
857 1080 950 1149 quas
968 1055 1102 1147 Ulma,
1120 1055 1301 1157 Marengo
1319 1071 1510 1160 negarunt

488 1162 518 1236 F
530 1187 612 1235 ran
625 1187 644 1233 c
655 1161 668 1233 i
679 1186 695 1232 s
706 1187 756 1234 co
775 1162 922 1252 lauros,
939 1162 1068 1259 Lipsia
1085 1163 1262 1238 restituit.

383 1269 504 1342 Auxit
522 1279 559 1341 et
578 1267 754 1341 hostilem
773 1267 869 1341 felix
887 1269 1089 1342 Hannavia
1103 1271 1271 1365 cladem:

488 1375 728 1469 Victorisque
746 1377 813 1448 diu
832 1375 974 1474 gaudia
991 1399 1149 1474 spesque
1167 1379 1316 1450 cadunt.
1419 1409 1421 1414 ·

386 1482 449 1556 Fit
468 1482 533 1554 via
550 1481 609 1573 vi,
628 1483 761 1555 castris
778 1481 881 1556 felici
900 1481 1049 1555 foedere
1068 1484 1227 1575 iunctis,

489 1587 594 1678 Quae
613 1589 781 1666 simulet
800 1580 948 1686 captos,
966 1599 1151 1687 captaque
1172 1591 1283 1689 sigua
1301 1592 1470 1664 trahunt.

384 1694 459 1784 Qui
478 1719 592 1785 mare,
610 1695 677 1790 qui
696 1706 826 1786 terras,
846 1695 913 1790 qui
931 1719 996 1792 spe
1014 1697 1181 1793 possedit
1200 1709 1237 1770 et
1256 1723 1386 1790 auras,

488 1802 607 1901 Rupis
625 1803 666 1874 in
685 1804 869 1901 abruptae
887 1802 1030 1875 vertice
1050 1801 1129 1875 fata
1148 1804 1294 1902 stupetl

383 1910 429 1980 Et
447 1907 588 1981 frustra
606 1911 828 2003 fluxamque
845 1907 960 1982 fidem
979 1910 1199 2004 clademque
1219 1901 1373 1983 suorum

488 2016 612 2109 Atque
631 2015 748 2088 animi
768 2015 941 2110 queritur
956 2017 1119 2088 vulnera
1137 2041 1277 2115 magna
1296 2018 1365 2090 sui.

384 2122 464 2194 lam
483 2147 603 2212 nunc,
622 2121 762 2195 iniusta
781 2123 847 2216 qui
866 2123 950 2220 lege
970 2122 1153 2195 coercitus
1172 2124 1275 2214 ibas,
1337 2147 1341 2156 ’

376 2282 387 2290 -
488 2228 620 2302 Rhene
638 2240 791 2326 patene,
809 2229 893 2326 ripa
913 2226 1010 2301 liber
1028 2241 1209 2323 utraque,
1228 2231 1326 2304 fluia.

383 2333 462 2407 lam
482 2335 688 2429 devastatis
699 2335 886 2410 diuturno
906 2335 1027 2419 Marte
1045 2336 1174 2433 cupita
1218 2363 1220 2371 ⁴

487 2441 628 2540 Regnis
646 2454 685 2515 et
701 2443 1026 2540 populisspesque
1045 2442 1221 2538 salusque
1239 2443 1348 2518 redit.
1419 2489 1421 2501 ·

645 2716 765 2843 l-deur
788 2711 993 2860 triumphus
1017 2760 1053 2837 ot
1076 2755 1279 2858 pacificator.

383 2974 477 3066 Quis
495 2973 572 3050 fuit
589 2974 654 3048 ille
672 2974 772 3065 dies,
791 2997 981 3064 caesar,
1000 2975 1092 3045 dum
1111 2972 1256 3053 cinctus
1275 2973 1377 3049 oliva

487 3083 531 3155 In
549 3081 713 3181 patriam
732 3080 876 3153 domito
894 3082 1019 3154 victor
1037 3083 1086 3154 ab
1104 3080 1212 3153 hoste
1230 3082 1348 3154 redis!
1415 3136 1416 3143 κ

384 3188 563 3280 Quando,
582 3200 686 3262 metu
705 3212 726 3261 e
745 3188 855 3261 terris
874 3199 978 3260 trans
996 3210 1162 3282 aequora
1179 3198 1289 3261 vasta
1308 3187 1464 3289 fugate,

489 3296 686 3394 Explicuit
706 3320 784 3367 sese
803 3294 986 3393 pristinus
999 3296 1095 3367 orbe
1113 3294 1243 3393 vigor!
1371 3358 1373 3361 .

384 3403 475 3475 Mox
495 3403 595 3475 tibi
614 3403 654 3475 in
673 3415 872 3475 occursum
890 3402 991 3474 votis
1010 3401 1237 3475 ardentibus-
1250 3402 1377 3491 ibant,
1403 3439 1405 3443 ·

487 3510 667 3607 Deposito
685 3511 839 3581 tandem
857 3508 976 3581 libera
993 3525 1113 3607 'regna
1131 3507 1234 3607 iugo.
1443 3522 1444 3525 ’

385 3616 561 3711 Quasque
579 3616 675 3714 petis
695 3627 835 3705 terras,
853 3640 932 3687 vox
952 3625 1008 3687 est
1027 3614 1120 3687 haec
1139 3614 1315 3687 omuibus
1335 3641 1430 3689 una:
1503 3705 1506 3714 ἱ

488 3723 678 3797 Providus
694 3722 866 3818 Europae
886 3718 1199 3820 pacificator
1217 3720 1340 3793 adest!

383 3829 525 3928 Nempe
543 3830 632 3919 tibi,
652 3835 798 3919 caesar⁷
815 3828 1028 3901 redivivam
1046 3827 1197 3925 Europa
1217 3827 1378 3899 salutem

490 3937 612 4011 Debet
622 3977 636 4027 ,ι
651 3945 688 4009 et
706 3952 785 4008 esse
803 3945 939 4008 tuum
957 3944 1069 4033 grata
1088 3933 1231 4007 fatetur
1249 3958 1365 4030 opus„

384 4043 484 4117 Hinc
503 4044 624 4117 omnis
643 4053 690 4115 te
708 4066 802 4140 gens
820 4063 933 4139 super
951 4040 1105 4113 aethera
1122 4039 1300 4112 laudibus
1319 4038 1447 4131 effert,

491 4152 537 4222 Et
555 4174 691 4221 nomen
709 4158 859 4221 resonat
877 4147 1065 4241 quaelibet
1084 4170 1149 4218 ora
1167 4156 1287 4219 tuum.

385 4256 609 4357 Pyramides
623 4265 760 4354 'gratae
779 4264 1008 4344 memorant,
1028 4251 1207 4347 titulique
1226 4252 1456 4347 loquuntur,

489 4362 612 4453 Quam
631 4374 700 4435 tua
715 4359 1089 4460 praecelsumgloria
1107 4370 1237 4457 carpat
1255 4360 1337 4431 iter.
1367 4414 1369 4421 .

387 4468 436 4543 01
455 4469 548 4563 quid
567 4468 615 4560 ii,
634 4492 798 4562 quorum
819 4490 910 4540 cura
930 4466 1104 4564 propiore
1122 4468 1281 4556 teucria,

407 4627 409 4631 -
491 4574 593 4665 Quos
610 4576 667 4648 ais
685 4598 763 4647 esse
777 4584 913 4664 tuos,
932 4597 1027 4668 quos
1045 4573 1155 4645 iuvat
1173 4596 1251 4667 esse
1270 4572 1412 4644 tuos'?

386 4681 492 4771 Quae
511 4680 625 4755 facies
642 4681 779 4754 urbis?
798 4680 929 4778 populi
947 4680 1033 4773 quis
1052 4703 1181 4752 sensus
1200 4678 1395 4751 amantis?

490 4790 533 4861 In
552 4790 716 4887 patriam
734 4787 884 4890 reducis
901 4789 994 4859 dum
1012 4786 1120 4858 videt
1137 4810 1203 4857 ora
1222 4785 1351 4882 patris.

388 4895 579 4969 ltlirtutem
598 4893 773 4986 rediisse,
792 4905 934 4966 etcum
953 4892 1096 4965 virtute
1114 4891 1273 4983 revertiq

492 5005 616 5076 Aurea
633 5026 729 5095 quae
748 5000 892 5099 placuit
909 4999 1034 5071 dicere
1053 4999 1190 5089 lustra,
1208 4998 1324 5071 videt.
