4084 6000
934 525 959 581 ⁴
1080 553 1083 572 '
1512 580 1600 656 uxr

412 873 790 956 IndeValentino
817 869 907 945 hinc
925 866 1042 943 facies
1059 865 1123 967 pia
1141 875 1231 941 vota
1249 865 1520 963 Modestae,

490 1004 540 1081 Et
558 992 732 1102 precibus
749 999 891 1074 iustum
910 1018 1047 1069 munus
1066 991 1244 1088 utrinque
1262 989 1368 1070 feres.

412 1183 617 1281 Praecipue
634 1205 814 1280 magnam
833 1179 981 1276 quotics
998 1177 1224 1252 venerabere
1244 1171 1424 1269 Matrem,
1548 1219 1551 1224 ·

490 1309 596 1402 Quae
614 1308 793 1382 nitetenl
814 1306 936 1407 primo
955 1303 1216 1404 conspicienda
1233 1302 1326 1396 loco.

411 1490 558 1585 Corque
576 1480 683 1587 pium
702 1476 850 1582 quoties
869 1484 1034 1560 divinior
1052 1481 1189 1558 usserit
1208 1465 1338 1556 ardor:

489 1613 601 1689 Irrita
619 1637 693 1688 non
712 1635 882 1708 unquam
900 1619 989 1685 vota
1007 1608 1193 1708 precantis
1213 1613 1334 1682 erunt.
1354 1631 1355 1634 ’

527 1895 610 1980 lota
628 1915 673 1979 cx
690 1893 780 1978 cultu
798 1891 1028 1976 immaculatae
1058 1891 1202 1995 llrglnls
1226 1889 1407 1974 llarlac.

332 2099 413 2173 Iam
431 2096 523 2191 tibi,
543 2097 634 2171 diva
651 2087 812 2187 Parcus,
830 2094 985 2169 meritos
1004 2093 1211 2194 depromsit
1229 2093 1390 2168 honores

489 2223 538 2298 Et
554 2223 696 2314 Roma,
714 2233 752 2295 et
770 2221 910 2296 Romae
930 2221 1079 2295 deditus
1098 2219 1198 2295 orbis
1219 2240 1334 2295 amor.

331 2401 495 2501 Suspicit
513 2402 663 2476 illaesae
675 2393 740 2494 ,et
758 2399 877 2475 credit
897 2425 1004 2475 sacra
1025 2400 1107 2474 lilia
1126 2401 1248 2492 vitae,

492 2524 597 2617 Quae
615 2520 687 2600 soli
705 2527 862 2601 dederat
880 2526 1006 2626 gratia
1026 2527 1105 2600 sola
1122 2526 1204 2602 tibi.

332 2702 442 2795 Quod
464 2705 527 2804 pia
550 2672 654 2780 mens
678 2706 843 2798 dudum,
871 2708 973 2801 quod
1000 2693 1153 2800 voxque
1180 2703 1348 2801 fidesque
1376 2700 1594 2804 probavit,·

491 2829 591 2908 Orbe
610 2825 736 2930 palam
755 2832 911 2930 posthac
929 2832 983 2906 nil
1002 2832 1191 2907 celebrare
1208 2829 1322 2906 vetat.

243 3016 248 3023 ’
331 3014 469 3089 Fervet
487 3038 612 3106 amor,
631 3038 707 3110 quo
725 3014 843 3115 digna
861 3022 988 3107 struat
999 3010 1424 3104 monumenta‘Mariae,

489 3140 607 3235 Inque
627 3139 709 3239 pios
727 3138 856 3214 titulos
874 3139 1093 3241 ingeniosus
1113 3141 1227 3215 adest.

334 3317 431 3394 Ecce
449 3342 589 3394 novam
607 3318 747 3411 Divae,
765 3329 803 3393 ct
819 3320 1001 3418 plaudens
1020 3321 1160 3395 mirare
1178 3319 1374 3395 tabellam!

491 3444 616 3536 (Anne
635 3455 724 3519 tuus
743 3441 903 3520 similem
922 3446 1077 3546 pingere
1096 3472 1165 3545 par
1183 3445 1231 3521 sit
1250 3446 1405 3535 amori)

334 3622 383 3700 Et
402 3624 604 3699 simulacra
621 3624 735 3699 viden
754 3620 1011 3725 sicmarmore
1030 3624 1178 3724 sculpta
1196 3635 1233 3699 et
1250 3624 1290 3698 in
1307 3649 1411 3717 aere,

487 3750 666 3825 Protinus
685 3758 729 3824 ut
746 3748 846 3832 iures
866 3768 1056 3825 marmora
1075 3760 1112 3825 et
1131 3775 1218 3824 aera
1235 3750 1370 3845 loqui?

336 3928 385 4004 Et
403 3927 486 4005 fora
504 3954 590 4004 cum
608 3929 724 4022 vicis,
743 3939 780 4003 ot
798 3930 939 4028 templa
958 3925 1113 4022 decora,
1131 3930 1332 4004 cathedrae

491 4048 648 4129 Nomine
659 4032 719 4129 *sic
738 4042 934 4147 resonant,
953 4056 1066 4156 virgo
1085 4055 1226 4150 Maria,
1245 4067 1330 4131 tuo:

330 4233 383 4311 Ut
400 4242 568 4309 sanctam
586 4234 755 4333 penitus,
773 4234 925 4334 penitus
942 4243 979 4309 te
998 4235 1084 4310 labe
1104 4195 1291 4310 carentem

490 4351 683 4452 Laudent,
703 4369 740 4433 et
757 4359 847 4435 fidei
865 4361 955 4436 dent
974 4362 1198 4437 documenta
1215 4386 1315 4437 suae.

332 4537 436 4614 Haec
455 4538 542 4612 alii:
563 4538 655 4634 quid
673 4539 775 4611 ncs‘?
794 4538 887 4634 quid
904 4563 1052 4615 mecum
1071 4549 1203 4615 nostra·
1216 4540 1380 4617 Thalia?

492 4661 527 4738 N
530 4689 593 4737 um
604 4659 736 4738 ¹nostro
755 4664 874 4763 pietas
891 4675 1041 4763 pectore
1059 4666 1167 4741 nulla
1184 4668 1311 4741 calet'?

338 4846 399 4923 Sic
418 4869 485 4922 nos
506 4868 652 4947 semper
668 4855 775 4921 amet
788 4845 924 4921 rutilae
942 4846 1043 4922 Deus
1062 4844 1201 4922 arbiter
1218 4828 1346 4945 aulae3

495 4970 555 5047 Sic
572 4997 640 5047 nos
658 4966 801 5074 Virgo,
819 4971 892 5072 piis
909 4979 990 5047 tam
1008 4974 1128 5065 bona,
1146 4996 1292 5075 semper
1310 4983 1430 5053 amet:
