4084 6000
982 617 1032 691 87

430 829 601 905 Maxima
619 839 707 906 sunt
724 839 851 906 tecum
870 830 1084 909 communia
1101 831 1242 932 gaudia
1261 831 1389 925 nobis,

535 937 684 1014 Gaudia
699 963 776 1012 non
793 938 874 1012 ulla
890 939 1144 1038 praeteritura
1161 939 1232 1013 die.
1439 939 1440 942 ’

431 1043 585 1143 Aspice,
603 1068 719 1142 quam
736 1055 815 1119 toto
833 1070 1077 1145 properemus
1096 1056 1245 1144 pectore
1265 1071 1412 1138 raram,

535 1150 641 1242 Quae
659 1151 757 1226 tibi
775 1150 975 1254 praecipue
993 1164 1193 1245 estsacra,
1210 1153 1339 1228 videre
1357 1153 1469 1228 diem.
1543 1235 1546 1242 Ι

430 1256 480 1333 At
497 1268 571 1350 tu,
588 1269 698 1358 grata
715 1259 810 1356 polis
828 1262 922 1335 dum
940 1258 1015 1334 fers
1034 1260 1215 1352 iubilaea,
1233 1285 1449 1360 precamur,

536 1365 709 1458 Ordinis,
728 1365 806 1460 eia,
824 1367 902 1460 tui,
920 1368 1024 1464 quod
1041 1365 1155 1460 sacis,
1173 1377 1251 1442 esto
1275 1367 1437 1452 memori

873 1900 1074 2033 megia
1101 1901 1163 1987 v.

379 2120 433 2188 Ad
448 2120 587 2190 Petram
604 2129 719 2188 naar
745 2142 764 2191 1
781 2121 907 2192 schola
921 2123 999 2210 piis.
1017 2120 1233 2191 Desiderium
1250 2119 1398 2192 1111111111
1413 2124 1512 2193 amia
1533 2119 1643 2194 1825.

434 2290 540 2422 Quae
558 2329 654 2405 mihi
670 2331 1065 2430 praesenti'scribebas
1083 2330 1270 2424 carmina,
1288 2357 1408 2436 nuper

535 2437 679 2512 Absens
697 2449 735 2531 11
753 2438 873 2513 tristis
891 2439 1026 2540 volvo,
1043 2438 1198 2513 revolvo
1217 2463 1342 2513 manu.

432 2542 508 2619 Nec
526 2570 653 2638 mora,
671 2544 880 2646 diffugiunt
897 2546 1082 2646 gravidae
1100 2571 1167 2644 per
1183 2545 1329 2620 lumina
1346 2548 1484 2637 nubes,
1583 2549 1586 2558 ’

537 2650 572 2726 N
573 2677 613 2725 ec
632 2677 758 2745 mora,
776 2654 854 2728 iam
873 2653 1037 2728 lacrimis
1056 2677 1121 2727 ora
1140 2653 1316 2748 sinusque
1335 2654 1499 2728 madent.

436 2757 468 2833 0
486 2758 686 2852 lacrimae,
703 2760 902 2852 lacrimae,
919 2760 1077 2834 miserae
1096 2759 1228 2835 solatia
1244 2759 1400 2833 1111111111

537 2863 661 2955 Quam
679 2867 794 2959 mihi,
813 2867 996 2959 dicebam,
1015 2865 1113 2940 ferre
1130 2865 1270 2965 paratis
1289 2868 1431 2965 opem?

432 2970 718 3070 Necquidquam
735 2974 854 3049 fluitis
866 2974 1060 3067 ,lacrimis
1077 2974 1134 3048 nil
1152 2972 1230 3048 fata
1248 2982 1467 3067 mouentum

539 3079 633 3156 Sunt
650 3081 744 3156 haec
762 3083 961 3182 carpaticis
979 3083 1168 3182 asperiora
1185 3082 1299 3182 iugis

432 3186 600 3262 Reddere
619 3190 801 3263 dilectum
819 3190 851 3262 si
867 3216 936 3267 vos
954 3189 1109 3288 possetis
1129 3189 1314 3282 amicum,

538 3295 610 3369 Hei
628 3296 751 3370 mihil
762 3321 877 3392 quam
895 3299 1040 3393 dudum
1058 3296 1226 3371 redditus
1244 3297 1308 3370 1111
1327 3294 1434 3371 foret.
1466 3356 1468 3363 .

434 3400 541 3475 Nunc
558 3404 690 3500 procul
708 3414 745 3478 11
761 3404 839 3477 sine
856 3430 917 3478 me
935 3404 1054 3496 vivit,
1074 3404 1105 3478 si
1123 3404 1204 3477 vita
1223 3406 1393 3479 vocanda
1411 3415 1507 3495 est,

539 3507 662 3599 Quam
682 3510 767 3607 quis
785 3510 943 3586 dimidia
960 3514 1098 3586 ducere
1115 3522 1221 3611 parte
1234 3512 1344 3586 solet.

434 3614 563 3707 Vivit,
583 3641 696 3713 seque
714 3617 829 3691 simul
845 3618 1010 3692 lacrimis
1030 3620 1172 3713 solatur
1190 3618 1348 3693 amaris:
1410 3650 1411 3653 ¹

539 3726 615 3800 Par
631 3724 799 3799 studium
817 3726 947 3817 nobis,
965 3729 1068 3821 quod
1086 3723 1160 3803 fuit
1179 3735 1286 3816 ante,
1306 3737 1442 3799 manet.

435 3830 536 3905 Dum
555 3856 616 3905 me
633 3842 868 3930 praesentem
886 3857 1060 3931 praesens
1074 3831 1299 3931 complexus
1318 3855 1444 3905 amore
1464 3844 1539 3923 est,

539 3938 677 4013 Libera
694 3964 810 4037 quam
828 3939 949 4014 dulcis
968 3940 1159 4034 quaelibet
1176 3940 1270 4014 hora
1288 3936 1381 4012 111111

328 4097 330 4101 -
436 4044 543 4119 Nunc
562 4045 703 4120 salibus
721 4046 880 4139 11111111,
897 4056 1011 4120 cantu
1029 4070 1129 4119 nunc
1147 4046 1328 4119 duximus
1345 4045 1469 4139 illam,
1533 4065 1535 4074 ¹

542 4152 762 4228 Miscuimus
781 4154 904 4253 lepido
923 4153 1070 4254 saepius
1089 4178 1152 4227 ore
1169 4153 1281 4227 iocos.

435 4257 638 4355 Nunquam
656 4286 731 4335 non
748 4260 826 4335 fido
845 4259 992 4335 fueram
1010 4285 1133 4335 comes
1152 4259 1235 4359 ipse
1248 4260 1391 4357 fidelis3

540 4365 744 4463 Nunquam
761 4394 836 4441 non
853 4368 951 4443 vidit
967 4392 1101 4464 resque
1120 4368 1298 4463 locusque
1318 4370 1422 4442 duos.

435 4472 529 4565 Quis
546 4473 618 4550 tibi
635 4499 735 4549 nunc
754 4474 832 4548 sine
851 4500 910 4549 me
929 4500 1060 4550 sensus
1071 4534 1080 4567 ,
1092 4474 1316 4561 ,carissime‘l
1336 4473 1462 4549 forsan
1581 4480 1583 4485 ’

540 4580 646 4667 More
664 4606 747 4655 meo
766 4582 966 4656 lacrimans
983 4583 1151 4657 carmina
1169 4592 1312 4657 maesta
1330 4580 1434 4655 facis.

435 4692 508 4766 Per
526 4688 671 4787 plateas
690 4689 812 4781 solus,
830 4714 897 4788 per
915 4714 1009 4786 quas
1027 4690 1140 4764 simul
1158 4690 1317 4781 ivimuS,
1335 4714 1456 4787 errae,

540 4796 660 4891 Inque
677 4806 744 4870 tuo
762 4822 898 4870 nomen
917 4796 1065 4895 saepius
1084 4821 1146 4871 ore
1164 4821 1291 4872 meum
1309 4809 1376 4872 111.

438 4901 556 5004 Saepe
573 4928 676 4978 meos
693 4903 831 5003 relegis
849 4928 1002 4996 versae,
1020 4904 1184 4980 absentis
1202 4903 1330 5004 imago
1420 4964 1422 4969 .

545 5008 629 5090 Non
648 5008 752 5117 fugit
769 5036 819 5089 ex
837 5010 954 5090 oculis
972 5022 1102 5108 nocte,
1121 5012 1255 5109 dieque
1273 5010 1357 5089 mei.
