4084 6000
983 643 1056 719 135

919 755 1130 770 m—

445 861 673 937 Fortunatus
691 867 791 951 erat,
808 857 938 933 valido
956 856 1025 954 qui
1044 856 1171 957 stipite
1189 880 1350 954 quereus

546 969 726 1067 Arrept0,
744 975 896 1067 praeter
912 988 1062 1040 currere
1081 964 1180 1040 vidit
1198 990 1327 1062 aquas.

442 1077 538 1155 Solis
557 1079 605 1153 ad
623 1098 797 1151 oceasum
816 1072 995 1155 deformis
1013 1095 1169 1172 corpore
1187 1081 1289 1165 toto,

546 1182 621 1275 Qui
639 1181 764 1282 potuit
781 1181 954 1281 propriae
972 1181 1085 1256 limen
1107 1180 1209 1255 adire
1228 1182 1373 1256 domus.

441 1292 527 1368 Nox
546 1291 677 1367 multis
695 1299 833 1364 exacta
851 1289 993 1388 proeul.
1013 1289 1217 1392 Lamenta,
1235 1289 1406 1384 querelas

547 1398 790 1499 Ingeminant
808 1408 968 1489 matreS,
986 1395 1297 1497 ingenimantque
1316 1421 1445 1471 nurus,

444 1508 548 1582 Haeo
566 1517 697 1581 natum
715 1507 851 1597 deflet,
869 1505 1020 1604 plorans
1037 1514 1148 1577 voeat
1166 1502 1233 1577 illa
1248 1503 1447 1597 maritum,
1476 1501 1485 1518 ‘

546 1615 662 1707 Sunt,
680 1637 843 1710 quorum
861 1611 1036 1712 precibus
1054 1610 1175 1687 mater
1193 1621 1320 1684 amata
1338 1612 1452 1686 deest.

442 1723 516 1798 Nos
535 1746 686 1818 quoque
705 1720 886 1796 dilectum
904 1719 1087 1794 sentimus
1107 1721 1236 1794 abesse
1255 1727 1470 1819 parentem,

545 1829 682 1906 Incerti
700 1852 776 1925 quo
793 1852 861 1901 nos
879 1851 1057 1925 spesque,
1075 1837 1273 1921 metusque
1292 1823 1398 1900 ferat.

440 1937 540 2014 Dum
559 1939 711 2012 tandem
732 1933 933 2010 manifesta
950 1932 1045 2007 fides
1064 1933 1179 2032 (proh
1197 1933 1322 2008 flebile
1342 1939 1472 2010 verum
1486 1934 1513 2024 l)

545 2045 617 2137 Te,
634 2044 803 2146 genitor,
821 2039 909 2116 fatis
928 2041 1147 2116 occubuisse
1165 2037 1291 2116 refert.

441 2152 513 2227 Hei
530 2152 644 2228 mihil
663 2151 730 2248 qui
747 2149 931 2251 gemitus!
949 2173 1048 2244 quae
1065 2159 1157 2223 tune
1175 2149 1342 2224 lamenta
1360 2149 1561 2224 sonabant!

546 2259 600 2336 Ut
618 2256 783 2334 lacrimis
800 2255 919 2331 nostri
938 2258 1183 2356 permaduera
1202 2255 1322 2331 sinus!

441 2368 544 2444 Alter
561 2367 600 2441 in
617 2365 773 2441 alterius
790 2363 1040 2438 maestissima
1058 2363 1155 2438 eolla
1173 2375 1321 2438 ruentes

546 2474 758 2564 Flevimus,
778 2482 816 2546 et
833 2471 1011 2568 querulos
1031 2469 1199 2546 fudimus
1218 2496 1281 2546 ore
1299 2496 1420 2546 sonos.

439 2580 743 2678 Neequidquaml
762 2577 832 2654 fati
850 2578 991 2653 mansit
1007 2579 1071 2654 lex
1091 2577 1232 2675 ferrea,
1251 2591 1396 2655 maesta

543 2689 700 2767 Pectora
717 2689 820 2783 quod
837 2698 996 2779 recreet,
1015 2687 1071 2760 nil
1088 2711 1201 2788 super
1215 2710 1338 2783 ,usque
1356 2685 1440 2760 suit.

439 2798 498 2874 Sic
516 2795 642 2872 visum
660 2807 715 2870 est
733 2792 897 2894 superis:
914 2793 966 2868 sit
982 2818 1114 2868 eorum
1133 2802 1263 2870 saneta
1281 2794 1475 2868 voluntas!

543 2904 626 2980 Non
644 2902 822 2998 cuiquam
840 2901 952 2977 tellus
969 2901 1112 3003 gaudia
1129 2900 1211 2976 fixa
1229 2901 1343 2975 dedit.

438 3014 590 3089 Alterno
610 3011 672 3087 hie
689 3013 848 3086 redeunt
865 3010 984 3102 risus,
1002 3010 1400 3111 gemitusquemeatu.

542 3118 672 3210 Felix,
691 3118 800 3215 siqua
818 3119 921 3193 sedet
938 3118 1047 3191 litore
1066 3128 1150 3192 tuta
1169 3116 1272 3192 ratis.

437 3226 549 3319 Quod
565 3237 738 3326 superest
755 3250 980 3318 memorem,
999 3224 1172 3325 genitor,
1190 3224 1262 3300 tibi
1280 3250 1378 3326 pono
1397 3222 1591 3315 tabellam,

542 3333 648 3426 Quae
666 3333 730 3434 pia
746 3332 922 3409 tristitiae
940 3333 1117 3435 symbola
1136 3330 1259 3408 fronte
1278 3343 1407 3433 gerat:

438 3440 583 3533 „Quem
600 3440 706 3517 fovet
723 3440 785 3515 hie
804 3442 975 3515 tumulus
995 3440 1144 3515 maialis
1162 3440 1316 3521 sustulit
1334 3438 1476 3516 imber:
1527 3432 1531 3440 ’

543 3541 619 3641 Qui
637 3547 734 3650 legis
752 3547 846 3623 haee
863 3548 966 3623 vitae
983 3547 1101 3623 fidere
1120 3566 1231 3649 parce
1249 3553 1372 3623 tuae.“
