4084 6000
1022 597 1092 670 181

420 811 567 902 Gadita,
586 813 677 884 dum
695 836 848 904 moneo,
868 834 1017 906 quaque
1037 821 1093 884 est
1111 810 1176 884 via
1194 820 1279 885 tuta
1297 811 1451 904 salutis,

418 918 491 992 Per
509 939 612 992 mare
631 944 698 1016 per
716 929 834 992 terras
851 929 1060 1016 properate.
1079 917 1267 993 Morientis
1286 929 1324 992 et
1341 919 1415 992 ista

406 1025 586 1130 'Pondere
605 1051 679 1098 non
699 1050 851 1099 caruere
871 1050 937 1098 suo
956 1026 1056 1098 bona
1073 1029 1210 1122 verba:
1230 1026 1404 1100 laborant

418 1131 466 1206 Et
485 1158 522 1206 se
541 1157 675 1229 resque
695 1157 780 1206 suas
799 1157 929 1206 securo
948 1133 1106 1205 condere
1125 1141 1235 1207 tecte.

417 1239 603 1336 Accipiter
621 1240 742 1313 veluti
759 1265 846 1313 cum
863 1239 949 1313 latis
968 1237 1132 1338 remigat
1150 1239 1219 1312 alis

419 1347 622 1436 Sublimis,
641 1347 853 1442 celeresque
873 1345 963 1418 facit
981 1371 1048 1445 per
1066 1347 1216 1419 caerula
1233 1370 1370 1447 gyros,

419 1451 549 1528 Omnis
567 1455 680 1527 turba
699 1453 820 1527 minor
838 1454 1038 1527 volucrum
1057 1453 1261 1529 conterrita
1279 1453 1398 1526 currit

417 1563 540 1656 Atque
558 1562 663 1634 volat
681 1561 856 1659 rapidum
875 1571 1112 1658 praevertere
1130 1559 1290 1658 provida
1307 1560 1436 1633 letum.

415 1669 571 1742 Pectora
590 1677 725 1763 cuncta
743 1668 857 1742 timor
875 1667 1064 1766 percellit:
1084 1693 1159 1740 non
1177 1667 1287 1740 timet
1305 1677 1364 1740 ast
1383 1667 1446 1739 hic
1541 1755 1544 1760 Ι

418 1775 499 1872 lpse
518 1773 733 1865 Neoclides,
753 1775 916 1865 animat,
935 1785 1195 1878 memoratque
1212 1772 1362 1847 favores

415 1883 603 1955 Fortunae
622 1883 813 1976 quondam
831 1887 989 1980 pronos,
1008 1906 1165 1979 spesque
1184 1881 1297 1980 erigit
1315 1881 1470 1978 amplas,
1513 1896 1537 1915 '·

415 1988 498 2062 Non
517 2013 715 2078 numeruS,
735 1989 854 2080 dixit,
874 1990 938 2062 sed
955 1988 1078 2062 virtus
1097 1989 1217 2088 graia·
1225 1986 1376 2087 fugavit

416 2095 543 2195 Nuper
561 2095 739 2186 Darium,
758 2096 862 2200 nisus
875 2095 1098 2201 retuditque
1116 2099 1307 2199 superbos

415 2202 497 2276 Non
515 2211 671 2276 numero
690 2203 830 2300 pariter
841 2259 851 2294 ,
864 2227 1006 2287 verum,
1021 2201 1165 2277 virtute
1184 2200 1351 2276 dehiscet

417 2308 552 2383 Nostra
570 2321 779 2408 prostratus
798 2307 935 2384 Xerxis
953 2302 1097 2385 tumor.
1112 2309 1182 2384 Eia
1201 2309 1367 2383 monenti

414 2417 581 2510 Credite,
599 2417 662 2490 vel
681 2416 806 2515 potius
826 2415 998 2491 suadenti
1017 2417 1159 2502 credite
1177 2417 1342 2517 Phoebo.

414 2524 577 2623 Lignea,
596 2549 691 2619 quae
710 2524 838 2616 iussit,
857 2525 931 2616 sint
949 2514 1098 2598 moenia
1116 2534 1259 2615 nostra,
1278 2522 1470 2614 triremes,

413 2629 665 2721 Quantumvis
684 2656 846 2728 paucae,
866 2631 1004 2706 celeres
1023 2641 1150 2705 tamen
1169 2642 1206 2704 et
1224 2630 1314 2704 satis
1333 2641 1443 2728 aptae

413 2739 588 2836 ingentes
607 2738 744 2812 Xerxis
763 2763 876 2811 cursu
894 2748 1284 2836 praevertere‘naves,
1316 2751 1319 2754 ’

413 2845 532 2940 Inque
550 2848 649 2918 vada
668 2856 705 2919 et
723 2855 846 2946 syrtes
865 2845 1011 2920 habiles
1031 2845 1233 2942 impellere.
1261 2845 1444 2934 Credunt,
1486 2916 1489 2922 ,

414 2951 707 3052 Expediuntque
722 2962 822 3026 rates
842 2951 1046 3048 fabricatas
1065 2952 1134 3026 rite
1153 2951 1276 3027 saluti.

311 3060 316 3065 ⁴
517 3060 635 3135 Irruit
653 3060 795 3141 interea
811 3058 982 3151 Xerxes,
998 3053 1104 3133 velut
1122 3060 1244 3133 imber
1262 3058 1355 3132 etin
1360 3083 1452 3156 gens

412 3168 649 3266 Tempestas:
670 3177 779 3241 necat
794 3168 865 3240 hos
877 3170 888 3257 ,'
906 3172 1014 3262 necat
1032 3167 1127 3239 illos,
1148 3166 1322 3241 Senserat
1340 3166 1447 3266 Asty

414 3275 574 3349 Victoris
593 3274 746 3349 rabiem
766 3270 840 3349 Sed
860 3274 959 3348 enim
979 3296 1057 3349 sors
1076 3266 1198 3373 prima
1217 3272 1390 3346 vacillat:

412 3382 461 3457 Et
479 3383 591 3455 modo
610 3383 675 3478 qui
694 3384 869 3455 dextram
887 3381 1082 3475 laudavit,
1100 3362 1189 3453 here
1207 3379 1399 3453 sinistram

412 3489 586 3589 Cogitur,
605 3501 642 3563 et
660 3489 800 3587 primos
818 3488 927 3562 discit
946 3491 1125 3561 damnare
1143 3487 1307 3560 favores.

412 3596 493 3670 Non
511 3622 658 3695 pugnas
676 3600 882 3670 memorare
900 3597 1017 3669 iuvat.
1040 3594 1228 3669 Salamina
1245 3593 1440 3692 triumpho

413 3702 616 3779 Nobilitate
634 3729 731 3777 novo
752 3703 893 3777 cunetis
914 3704 1150 3776 celebrabere
1166 3700 1312 3774 saeclis.
1335 3727 1339 3732 ·

411 3810 539 3886 Persia
558 3808 676 3883 fracta
694 3809 790 3884 ruit:
809 3805 964 3884 libertas
983 3832 1122 3907 graeca
1136 3820 1290 3881 ‘revecta
1309 3816 1385 3898 est,

410 3919 577 4014 Cumque
594 3918 661 3990 illa
679 3916 779 3991 soliti
798 3908 948 3991 rursum
967 3916 1109 3990 rediere
1128 3912 1316 4011 triumphi
1503 3920 1505 3924 ’

410 4024 458 4099 Et
475 4027 587 4099 decus
607 4035 646 4097 et
662 4051 808 4098 nomen.
829 4024 957 4096 Valuit
976 4033 1128 4095 tantum
1148 4021 1297 4093 aemula
1315 4019 1436 4092 virtus

409 4133 479 4207 Illa
497 4131 778 4208 Themistoclis!
799 4132 910 4205 modo
931 4130 1022 4225 quid
1041 4154 1119 4227 non
1136 4128 1202 4201 illa
1220 4127 1395 4201 valebit?
