4084 6000
381 579 481 667 mv.

489 871 524 948 Ν
525 875 565 948 ec
584 875 721 949 desunt
736 872 903 972 liquidae
920 897 1032 949 voces
1050 872 1211 972 lituique
1229 876 1438 973 tubaeque,

568 999 691 1092 Quive
708 1011 812 1077 notet
829 999 960 1103 populi
977 1002 1120 1102 gaudia
1138 1026 1305 1101 summa7
1323 1000 1463 1103 fragor.

489 1162 613 1258 iubila
631 1181 818 1259 delectent
835 1180 949 1275 alios,
968 1191 1005 1258 et
1021 1180 1146 1284 gratia
1165 1190 1319 1280 cantus3

573 1304 776 1398 (Quamvis
795 1307 889 1382 haec
908 1307 1044 1401 etiam,
1063 1307 1171 1405 queis
1189 1308 1369 1402 tenearis,
1388 1308 1546 1401 habent)

488 1485 574 1585 Ipsa
591 1487 673 1586 pios
691 1486 809 1584 animi
828 1488 1010 1588 plaudens
1030 1487 1217 1587 spectabis
1237 1512 1403 1583 ammer,
1452 1489 1456 1496 '

567 1611 784 1710 Additaque
801 1637 957 1689 accenso
974 1612 1056 1691 liba
1074 1636 1297 1710 merumque
1317 1611 1412 1690 foco.

490 1791 643 1892 Semper
659 1801 704 1868 ut
722 1791 856 1868 erectis
874 1817 1027 1869 maneas
1046 1792 1266 1894 propensior
1283 1792 1379 1888 aris,

567 1917 672 1994 Haec
689 1928 756 1994 tua
774 1942 850 2017 quo
868 1929 1028 2021 peragat
1046 1943 1152 1995 sacra
1168 1930 1318 2013 tenore,
1335 1920 1434 1996 vide.

487 2096 563 2174 Enl
583 2098 660 2173 iam
678 2122 736 2174 res
756 2093 904 2200 agitur:
924 2124 1094 2175 summus
1114 2124 1182 2199 pro
1201 2125 1305 2178 more
1324 2103 1494 2176 sacerdos

567 2224 709 2303 Circuit
726 2236 881 2301 aeterno
900 2235 1000 2302 tecta
1018 2228 1202 2302 sacranda
1219 2221 1309 2302 Deo.
1362 2327 1364 2336 y

488 2404 655 2501 Moxque
674 2405 797 2482 Deum
816 2415 855 2481 et
873 2415 1019 2481 sanctos
1038 2404 1078 2479 in
1097 2429 1201 2482 sacro
1220 2405 1350 2481 limine
1368 2415 1503 2480 cuncto

566 2531 661 2606 Cum
679 2531 819 2632 populo
837 2555 979 2633 pronus
997 2531 1248 2608 deveneratur
1265 2529 1386 2606 humi.

487 2711 756 2811 Ingressusque
775 2709 884 2788 subin
903 2709 962 2789 bis
981 2733 1050 2785 sex
1067 2711 1150 2785 loca
1167 2708 1249 2784 fixa
1267 2708 1447 2812 perungit

567 2835 768 2915 Malobatri
787 2834 909 2913 forma
927 2836 998 2912 rite
1017 2835 1165 2933 liquore
1184 2836 1316 2912 erucis.

487 3016 586 3093 Hine
605 3041 752 3119 sparsos
771 3016 914 3093 cineres
932 3015 1051 3117 graiis
1070 3015 1184 3091 simul
1202 3026 1316 3115 atque
1335 3015 1463 3093 latinis

568 3142 704 3245 Signat
722 3150 808 3235 (nec
826 3152 978 3245 reputes
998 3143 1175 3243 symbola
1193 3148 1312 3249 vana)
1332 3142 1440 3218 notis.

487 3322 590 3398 Haec
608 3321 706 3398 inter
723 3345 903 3397 renovare
923 3345 1071 3420 preces,
1093 3321 1276 3422 suspiria,
1296 3331 1439 3415 cantus,

566 3449 616 3524 Et
633 3473 744 3525 curae
764 3457 821 3524 est
839 3450 940 3523 flexo
958 3446 1203 3548 procubuisse
1221 3473 1334 3550 genu.

488 3628 601 3704 Iessei
619 3626 736 3703 fuerit
753 3626 853 3703 vatis
871 3625 968 3701 mihi
987 3624 1161 3726 spiritus,
1178 3625 1318 3702 isthinc
1340 3726 1343 3737 1

566 3753 619 3831 Ut
637 3778 812 3856 cuperem
831 3776 972 3853 magno
990 3776 1133 3855 magna
1150 3777 1283 3827 sonare
1302 3752 1400 3828 Deo!

488 3931 600 4025 Quod
616 3932 716 4044 licet,
735 3942 772 4007 et
788 3930 939 4032 pateris,
958 3942 994 4007 te
1011 3941 1161 4032 patrem
1180 3932 1250 4008 rite
1268 3934 1432 4007 vocabo:

567 4058 712 4135 Nomen
730 4083 819 4157 prae
837 4057 994 4154 reliquis
1013 4057 1085 4134 hoc
1103 4058 1174 4134 tibi
1193 4057 1275 4133 iure
1293 4058 1428 4158 placet.
1499 4140 1502 4147 .

487 4240 584 4331 Fac,
602 4247 710 4339 pater
728 4228 981 4338 omnipotens,
1000 4247 1066 4311 tua
1085 4238 1194 4314 nobis
1212 4236 1335 4339 gloria
1355 4260 1500 4339 semper

492 4359 498 4370 “
569 4363 682 4440 Sacro
700 4363 772 4439 hoc
791 4363 976 4439 adstiterit
993 4372 1107 4467 grata
1122 4387 1328 4463 ¹recensque
1346 4365 1440 4440 loco.

488 4545 583 4637 Fac,
601 4567 752 4643 precor,
770 4542 829 4617 his
848 4543 924 4619 aris
943 4564 1189 4640 quaecunque
1209 4543 1371 4620 calentia
1392 4552 1569 4645 surgent,

567 4670 678 4757 Irrita
696 4669 837 4744 nullius
855 4680 945 4744 vota
963 4694 1168 4771 precesque
1188 4673 1334 4747 cadant

883 5032 902 5076 t
1118 5031 1138 5076 ἡ

1001 5083 1020 5126 ἡ
