4084 6000
999 651 1076 726 254

928 763 1137 780 baua—n-

610 865 699 940 Eia!
720 875 756 940 te
774 866 910 967 pingui
927 890 1016 967 rape
1035 865 1081 940 de
1100 866 1245 961 quiete:

611 971 756 1048 Suscita
775 985 887 1048 cantu
906 973 1071 1049 citharas
1090 973 1263 1069 silentes,

608 1081 709 1155 Dum
728 1081 852 1156 minus
870 1091 1015 1158 torrens
1035 1079 1130 1156 furit
1148 1090 1289 1172 aestus,
1313 1079 1432 1154 almas

1032 1189 1122 1264 Vise
1140 1212 1323 1263 camenas.
1421 1241 1426 1250 .

720 1523 722 1530 ’
859 1549 971 1632 oue
999 1547 1208 1631 xxrx.

922 1731 975 1800 Ad
1000 1731 1143 1802 sodales,

558 1895 658 2012 llum
676 1942 792 2015 robur
809 1940 987 2032 tacitum,
1006 1941 1174 2037 dumque
1192 1942 1295 2014 calor
1312 1939 1415 2016 subit

557 2045 713 2145 Ignotus
731 2046 859 2121 iuveni
878 2060 1029 2146 pectora
1047 2071 1173 2141 cerea,

556 2151 687 2245 Felix,
706 2154 736 2227 si
754 2154 907 2253 rapidae
927 2153 1035 2232 frena
1050 2155 1222 2230 licentiae

557 2258 671 2335 Cures
691 2261 850 2336 sollicita
868 2262 1052 2364 stringere
1070 2264 1240 2339 dextera.

556 2366 590 2440 N
592 2365 710 2461 eforS,
729 2379 771 2442 ut
789 2368 942 2445 nivibus
960 2370 1106 2446 concita
1124 2383 1162 2446 et
1178 2369 1364 2447 imbribus

556 2472 691 2548 Vernis
711 2476 920 2575 despiciunt
937 2478 1097 2552 flumina
1114 2478 1276 2571 limites,

556 2582 629 2656 Per
647 2582 835 2679 silvasque
854 2595 989 2678 ruunt,
1012 2611 1154 2685 perque
1172 2588 1303 2659 domos
1322 2611 1445 2687 vaga,

557 2689 866 2787 Horrendamque
885 2691 975 2766 satis
994 2693 1176 2768 diluviem
1194 2690 1340 2768 ferunt:

468 2841 471 2852 ·
555 2795 722 2872 Affectus
740 2799 881 2896 pariter
899 2824 1032 2874 caecus
1049 2810 1087 2874 et
1105 2801 1287 2900 impetus,

528 2991 529 2996 η
556 2904 689 2979 Caseus
708 2906 874 3000 consilii,
899 2917 938 2982 et
955 2907 1102 2982 nescius
1121 2907 1277 3005 obsequi

556 3012 607 3087 Te
627 3013 777 3115 Scyllae
796 3026 862 3089 aut
880 3008 1315 3117 rigidis‘rlcrocerauniis

555 3120 669 3221 Figat
687 3122 948 3221 praecipitem,
966 3123 1177 3200 ludibrium
1194 3124 1285 3223 spei.

660 3228 817 3303 Frustra
835 3230 889 3303 mi
906 3230 1038 3305 titulos
1056 3231 1242 3331 signaque
1260 3229 1427 3330 fulgida,

555 3334 712 3409 Frustra
730 3362 823 3411 auro
842 3337 1028 3430 tumidos,
1048 3363 1207 3412 munera
1223 3337 1391 3412 lubricae

555 3443 764 3536 Fortunae,
789 3443 932 3518 loculos
949 3445 1070 3520 laetus
1088 3444 1294 3523 honoribus

556 3550 686 3624 lactas.
706 3550 800 3625 Cum
819 3551 1027 3653 Zephyris,
1045 3577 1204 3648 quaese,
1223 3556 1357 3630 beatus
1376 3578 1434 3646 es,

555 3658 671 3731 Instet
690 3658 721 3731 si
738 3658 879 3733 Boreae
897 3657 1105 3734 finitimum
1122 3661 1223 3735 latus
1234 3662 1263 3735 ‘l

555 3764 752 3841 Torrentcs
769 3766 912 3859 radim,
935 3766 1109 3860 Phoebe,
1126 3778 1212 3842 tuos
1230 3767 1362 3868 nigrae

557 3874 742 3948 Immenso
761 3875 921 3949 nebulae
940 3875 1098 3975 navigio
1121 3886 1309 3975 premunt.

556 3981 681 4057 Laetis
701 4006 809 4081 saepe
828 3984 969 4058 cadunt
986 3981 1193 4057 verticibus
1212 4008 1327 4058 rosae.

456 4085 458 4091 ’
556 4088 690 4163 Fasces
709 4114 795 4164 cum
813 4088 935 4163 titulis
954 4098 992 4164 ot
1011 4089 1225 4165 diademata

556 4195 696 4271 Tristes
714 4221 822 4295 saepe
841 4195 968 4271 ferunt
986 4196 1093 4271 exilii
1112 4207 1231 4271 notas.

555 4301 605 4377 Et
631 4303 769 4378 Petri
797 4312 836 4377 et
862 4304 1031 4381 Garoli
1059 4315 1204 4403 secptra
1223 4303 1373 4381 ruentia

515 4404 518 4418 '
555 4408 657 4501 Quid
676 4434 824 4510 sperare
843 4412 918 4486 tuis
937 4412 1171 4511 temporibus
1190 4411 1348 4489 sinunt?

661 4517 755 4594 (lum
774 4516 901 4595 fundis
919 4522 1101 4619 pecudeS,
1125 4522 1266 4615 desque
1283 4518 1496 4619 parentium

556 4626 651 4703 Sunt
669 4626 779 4728 vulgi
797 4629 915 4719 bona,
935 4639 1022 4701 sunt
1040 4626 1185 4726 illepidi
1203 4629 1309 4702 sales

556 4734 686 4825 Felirr,
705 4735 766 4808 cui
785 4732 901 4808 fuerit
919 4734 1041 4830 sitque
1059 4741 1191 4835 patens
1208 4736 1317 4835 polus

554 4841 741 4916 Votorum
760 4840 919 4916 rutilans
940 4851 1042 4916 meta
1058 4843 1317 4942 flagrantium.

555 4948 730 5025 Pactolus
749 4951 865 5025 rubeo
884 4948 1038 5050 gurgite
1057 4974 1154 5045 quae
1172 4953 1271 5025 bona

555 5055 732 5150 Eructat,
751 5056 896 5157 sapiens
915 5082 1063 5134 summa
1081 5067 1190 5133 vocet
1199 5114 1209 5151 ,
1230 5068 1327 5134 veto.
