4084 6000
1034 593 1110 672 208

433 810 599 887 Monstra
617 814 791 914 abigam,
809 811 891 911 ipsa
908 809 988 886 dies
1005 811 1192 887 revocabo
1209 810 1352 886 lumine
1369 837 1496 912 puros.

432 917 495 994 Nil
512 918 611 994 votis
629 919 756 1020 cupies
773 916 1011 1012 ardentibus,
1030 929 1068 1009 et
1083 917 1180 993 nihil
1198 943 1281 1012 ore,

431 1024 543 1117 Quod
558 1027 630 1102 tibi
648 1038 775 1102 nostra
792 1037 904 1128 neget
921 1025 1061 1125 pietas,
1080 1025 1259 1130 divesque
1277 1027 1464 1103 voluntas.

431 1134 544 1209 Forte
563 1133 663 1209 leves
681 1133 828 1211 iuvenis
846 1134 999 1210 choreas
1017 1133 1162 1234 optabis
1180 1133 1369 1208 anhelus?

433 1240 519 1340 Ipsa
537 1243 669 1334 adero,
685 1241 901 1342 primosque
919 1237 1073 1334 choros,
1090 1239 1187 1315 mihi
1204 1243 1332 1334 erede,
1350 1251 1530 1340 petemus.

432 1347 540 1424 Nunc
558 1373 730 1448 praesens
748 1348 875 1448 cupies
892 1348 1013 1448 plenis
1032 1350 1197 1449 gaudere
1215 1348 1403 1425 theatris?

434 1455 643 1554 Gaudebis3
662 1458 773 1532 modo
791 1458 899 1555 pocla
916 1456 1019 1530 voles
1038 1456 1253 1555 spumantia
1270 1456 1418 1534 Baccho

432 1563 546 1638 Mista
564 1561 654 1638 iocis
672 1563 803 1663 lepidis
833 1562 1049 1659 salibusque
1066 1563 1205 1638 litare?
1225 1563 1364 1639 litabis
1505 1557 1508 1569 '

432 1671 596 1770 Impetus
614 1671 654 1745 in
673 1673 779 1746 lusus
797 1668 942 1746 fuerit?
961 1671 1154 1748 ludamus:
1174 1671 1319 1746 amabis

432 1777 511 1855 Sub
528 1777 642 1853 viridi
660 1778 762 1870 luco,
780 1778 842 1852 vel
860 1777 978 1878 aprici
995 1777 1036 1851 in
1052 1777 1226 1878 gramine
1243 1777 1378 1877 campi¹
1463 1827 1468 1834 -

432 1884 587 1961 Nectere
605 1883 702 1960 forte
720 1886 873 1960 moras?
894 1895 1102 1982 nectemus3
1121 1895 1275 1961 stertere
1293 1885 1456 1961 multam

431 1994 475 2068 ln
493 1994 642 2068 lucem?
662 2003 806 2068 stertas,
828 1991 887 2069 Sic
904 2015 1053 2068 mecum
1072 1991 1232 2090 denique
1250 2016 1380 2092 carpes

432 2100 599 2178 Gaudia:
619 2101 672 2175 nil
690 2101 823 2176 dubita
840 2125 997 2199 pronam
1014 2102 1126 2176 modo
1143 2101 1295 2200 porrige
1314 2103 1498 2175 dextram.

538 2207 731 2309 Ambigis,
750 2220 788 2284 et
805 2207 920 2284 dubia
938 2207 1080 2282 titubat
1096 2209 1282 2284 sententia
1300 2219 1424 2284 mente

432 2314 538 2390 Velle
555 2316 789 2416 voluptatem
805 2315 958 2408 sectari,
977 2325 1013 2389 et
1031 2314 1173 2416 gaudia
1191 2315 1322 2390 vitae'l

431 2421 532 2513 Quid
549 2423 629 2498 vita
647 2423 760 2515 11111,
776 2441 932 2520 quaeso,
949 2423 1074 2496 tenuis
1092 2422 1164 2500 nisi
1183 2419 1321 2514 11111111,
1339 2433 1377 2497 11
1393 2425 1530 2497 umbra
1548 2422 1634 2496 est?

431 2529 616 2606 Praeterit
633 2539 676 2604 ut
693 2529 797 2606 rivus
815 2555 913 2606 nunc
930 2529 1130 2628 limpidus,
1149 2538 1187 2604 at
1206 2529 1321 2604 simul
1338 2528 1449 2604 undis

430 2637 615 2713 Intumuit
632 2637 792 2738 pluviis,
809 2637 899 2712 limo
918 2635 1108 2712 deformis.
1127 2636 1297 2711 Honores

433 2744 472 2820 si
490 2769 665 2842 quaeres,
689 2743 790 2820 curis
808 2745 928 2820 vitam
944 2743 1157 2819 cumulabis
1176 2742 1307 2818 acutis.

431 2851 590 2932 Militiae
608 2852 715 2928 labor
732 2863 789 2928 est
805 2851 958 2954 ingens,
976 2851 1233 2950 gravidusque
1251 2850 1411 2949 periclis

432 2960 584 3037 Divitiis
603 2959 753 3035 inhias?
772 2959 892 3036 maior
910 2957 1093 3035 cruciabit
1109 2957 1276 3039 habendi

431 3068 522 3143 Inde
540 3067 641 3165 sitis3
659 3092 786 3142 musas
803 3092 951 3167 poscae,
968 3060 1142 3163 artesque
1159 3066 1385 3141 Minervae?

431 3177 513 3251 Hae
531 3199 681 3272 quoque
700 3175 904 3251 destituent
921 3176 1031 3251 tarda
1049 3178 1231 3250 subeunte
1250 3182 1409 3247 senecta.

431 3282 561 3360 Gloria
578 3281 655 3356 fors
673 3308 771 3357 vano
791 3283 913 3382 capiet
929 3294 968 3357 te
984 3307 1179 3357 murmure
1196 3278 1337 3381 vulg-i?
1365 3349 1368 3358 .

434 3390 465 3466 O
484 3414 610 3465 caecas
629 3389 827 3465 hominum
844 3400 1007 3489 mentes,
1032 3413 1054 3463 0
1072 3389 1216 3464 somnia
1233 3387 1350 3462 vanai

431 3497 561 3577 Gloria
578 3496 671 3593 quid
688 3498 868 3595 prodest?
886 3496 1020 3597 pinget
1036 3507 1074 3571 te
1093 3494 1188 3596 forte
1206 3497 1358 3588 decore,

431 3606 509 3681 Aut
526 3604 673 3679 tumulo
692 3603 842 3703 eripiet,
860 3605 922 3679 vel
940 3615 976 3679 te
995 3603 1074 3679 sine
1091 3601 1167 3679 fine
1184 3602 1343 3704 beabit?

433 3712 472 3790 Si
489 3712 608 3811 sapis,
628 3721 665 3787 et
682 3711 802 3787 vitam
822 3711 947 3812 cupies
965 3712 997 3786 si
1015 3711 1143 3786 vivere
1162 3713 1350 3811 prudens,

433 3820 571 3921 Sponte
589 3818 777 3894 recusabis
795 3821 909 3894 duros
926 3820 1085 3895 tolerare
1102 3818 1266 3910 labores,

432 3930 556 4024 Atque
573 3926 673 4001 vices
691 3924 816 4028 fugies
833 3926 1013 4019 incertas,
1033 3935 1164 4025 sponte
1181 3922 1327 4000 volabis

431 4035 515 4127 Quo
532 4059 617 4109 mea
635 4032 742 4135 signa
759 4045 918 4126 vocant,
937 4033 1040 4117 horis
1058 4034 1288 4108 circumdata
1305 4028 1425 4105 laetis

535 4140 653 4217 Dictis
671 4140 868 4216 addiderat
884 4152 1034 4242 gestus,
1052 4139 1226 4237 oculique
1244 4161 1419 4239 procaces

431 4251 522 4328 Plus
540 4248 649 4324 dictis
667 4251 829 4323 mentem
847 4251 1074 4339 accendunt,
1092 4248 1343 4342 iuvenemque
1360 4251 1566 4319 morantur.

432 4357 492 4434 Sic
510 4357 681 4431 volucres
700 4357 890 4451 quondam
907 4356 1025 4435 laetas
1042 4380 1109 4454 per
1127 4354 1259 4430 nubila
1275 4352 1371 4427 coeli
1574 4446 1577 4452 ³

431 4464 576 4541 Fistula
593 4463 702 4539 dulce
721 4486 855 4537 canens
873 4463 975 4538 visco
993 4462 1161 4561 adplicat
1179 4476 1298 4557 usque
1315 4458 1451 4535 tenaci.

432 4572 494 4649 sio
512 4572 631 4670 pisces
650 4569 781 4644 avidos
799 4594 904 4645 11111
921 4572 991 4645 sub
1010 4567 1175 4669 imagine
1193 4566 1313 4642 fallax

431 4678 562 4755 Allicit
579 4688 617 4752 et
633 4687 762 4777 captos
781 4676 826 4751 de
844 4676 998 4778 gurgite
1015 4674 1203 4776 protrahit
1220 4675 1366 4749 hamus.

430 4787 585 4882 Iamque
602 4782 685 4883 pari
702 4808 847 4886 gressu,
865 4808 941 4879 qua
957 4780 1030 4859 fert
1043 4783 1112 4860 ,via
1130 4792 1265 4874 cetera,
1281 4782 1448 4871 vadunt,

431 4894 604 4971 Alternas
622 4887 719 4965 inter
736 4914 866 4983 voces,
883 4890 1100 4987 hilaresque
1118 4889 1329 4965 cachinnos.

358 5082 360 5088 ,
431 5000 517 5078 Heu
535 5023 628 5099 puer
645 4994 799 5073 infelixl
820 5022 894 5093 quo
913 5007 950 5072 te
968 4997 1122 5073 vesania
1140 4997 1295 5096 raptat?
