4084 6000
643 1322 1316 1553 erecturum

807 1613 941 1690 LIBRI
965 1611 1153 1704 QUARTI

995 1784 998 1795 ι

898 1799 1057 1808 -σφ-

710 1996 714 2004 .
841 1869 1043 2037 creme
1069 1939 1110 2019 ι.

345 2135 399 2204 Ad
418 2135 599 2221 Martinam
617 2145 748 2202 Bottt
764 2137 1006 2223 pometum
1034 2137 1228 2208 retuleram
1248 2138 1382 2224 piarum
1392 2189 1403 2225 ,
1428 2156 1526 2226 qua
1522 2137 1609 2213 Sri-

285 2356 289 2360 Ᾰ
345 2261 442 2348 certo
459 2279 503 2329 cc
521 2261 703 2338 remea
722 2261 836 2334 ruam
853 2266 901 2334 cd
926 2271 1066 2334 matrem
1092 2265 1298 2336 invisendam
1316 2265 1513 2351 facultatem
1528 2265 1610 2412 petii

849 2396 969 2459 cruor
991 2387 1102 2457 1812

398 2543 564 2658 Mittitur
581 2585 762 2661 extremis
781 2585 925 2684 patriae
943 2586 989 2658 de
1007 2579 1217 2660 finibust
1165 2608 1198 2658 rs
1201 2591 1260 2673 ta,

504 2690 609 2782 Quae
627 2691 729 2766 canit
747 2704 832 2768 ante
851 2704 937 2768 tuos
955 2717 1074 2791 parva
1091 2689 1226 2766 Thalia
1244 2689 1367 2788 pedes.

399 2798 481 2873 Non
499 2799 599 2873 canit
617 2807 759 2899 arguta
775 2800 933 2874 laudum
951 2799 1151 2898 praeconia
1168 2800 1293 2872 buxo:

505 2905 656 2982 Scilicet
674 2917 731 2980 est
748 2905 885 2982 vestris
903 2907 1082 2983 laudibus
1100 2906 1168 2980 illa
1186 2905 1319 2978 minor,

399 3016 516 3091 Plena
534 3039 601 3091 nee
620 3014 778 3091 assiduis
796 3012 994 3115 profundit
1010 3018 1130 3090 verba
1147 3012 1328 3109 querelis:

505 3121 587 3197 Non
606 3132 662 3197 est
679 3121 827 3221 pacifici
845 3124 1006 3222 pectoris
1026 3148 1146 3220 usque
1164 3120 1283 3218 queri.

399 3231 499 3304 Vota
517 3254 718 3329 precesqre
736 3231 839 3305 sinus
856 3228 1025 3305 infundit
1035 3252 1233 3330 praeses,
1252 3236 1405 3303 amatos
1535 3249 1540 3264 ¹

503 3337 702 3413 Exorans
691 3362 792 3436 ipsos
803 3350 900 3416 vota
917 3362 1122 3459 precesque
1140 3339 1247 3414 Deos.

400 3444 465 3519 Est
483 3443 578 3519 mihi
597 3470 685 3519 cara
702 3470 858 3543 parens,
876 3445 1011 3521 viduos
1032 3449 1128 3542 qu'ae
1146 3443 1324 3545 transigit
1342 3425 1492 3533 minos,

504 3550 610 3643 Quae
628 3551 740 3628 simul
758 3552 922 3629 absentis
940 3556 1081 3653 flagrat
1099 3578 1225 3629 amore
1243 3551 1337 3629 mei

400 3658 475 3734 Nec
492 3659 616 3735 minor
633 3660 673 3733 in
691 3661 798 3737 nobis
817 3660 957 3759 pietus,
975 3686 1042 3737 uec
1060 3686 1152 3735 cure
1169 3658 1325 3735 videndi

504 3767 552 3841 Et
570 3766 819 3859 desiderium,
837 3779 959 3843 maier
976 3779 1122 3859 amata,
1140 3768 1208 3841 tui.

399 3874 514 3973 Optas
533 3884 577 3949 tu
595 3884 728 3952 natum
744 3885 892 3951 mutata
910 3886 1014 3951 veste
1029 3933 1039 3967 ,
1055 3886 1240 3969 statuque.
1308 3908 1311 3916 ·

503 3982 681 4073 Cernere,
699 3994 737 4056 et
754 3982 921 4087 alloquic
939 4006 1023 4082 spes
1040 3982 1206 4057 animare
1224 3992 1321 4055 tuas.
1343 4014 1347 4042 τ

401 4091 449 4164 At
466 4089 583 4181 mihi,
601 4114 677 4186 quo
695 4100 825 4167 tenero
842 4114 903 4165 me
920 4101 1076 4191 gratum
1094 4100 1210 4165 tester
1228 4087 1364 4179 amori,

503 4198 544 4271 ln
565 4197 664 4271 votis
683 4198 830 4294 aliquid
848 4197 1015 4275 sanctius
1030 4222 1110 4271 esse
1129 4196 1273 4293 queat?
1420 4268 1422 4275 Α

399 4305 516 4401 quue
535 4330 609 4406 ego
627 4317 861 4404 praesentem
879 4306 957 4384 iam
974 4317 1012 4380 te
1030 4314 1185 4405 percare
1203 4303 1337 4405 rogavi
1396 4349 1400 4362 ·

504 4413 679 4508 Praese,
696 4423 738 4487 at
755 4413 850 4487 heu!
869 4414 974 4488 venti
993 4411 1184 4512 diripuere
1201 4436 1341 4535 preces.

399 4517 506 4593 Nunc
527 4519 624 4594 mihi
641 4520 747 4596 nulla
763 4519 890 4616 quies.
907 4532 998 4596 voto
1014 4520 1082 4598 illa
1100 4520 1282 4597 ualentius
1300 4518 1443 4613 instatr

503 4626 565 4701 Me
582 4627 717 4719 simul,
726 4652 779 4701 ae
796 4627 909 4721 alias,
927 4628 1050 4706 acrius
1067 4627 1144 4703 urit
1161 4650 1278 4703 amor.
1341 4675 1345 4684 -

400 4733 565 4827 Erubui,
582 4735 715 4809 vultus
732 4734 898 4811 lacrimis
918 4734 1143 4811 maduere
1114 4758 1311 4831 sinusque,

506 4841 634 4942 Nuper
652 4844 743 4917 dum
762 4841 894 4917 matris
912 4843 1004 4918 talia
1021 4844 1141 4918 verba
1156 4844 1264 4942 lego:

402 4949 496 5041 „Hei
512 4949 628 5024 mihil
647 4973 715 5023 sex
733 4949 870 5051 genui,
888 4951 954 5024 sed
971 4948 1101 5046 iniquo
1120 4949 1240 5025 sidere
1258 4949 1397 5048 proles:

505 5056 655 5131 Scilicet
673 5080 749 5129 una
767 5068 913 5148 manet,
932 5080 999 5130 nee
1018 5068 1145 5131 tamen
1165 5056 1231 5130 illa
1250 5067 1386 5130 manet.
1489 5112 1492 5125 .
