4084 6000
906 626 951 700 61

351 840 522 935 Namque
540 837 632 931 tibi,
651 840 802 914 dudum·
815 837 957 938 patrias
974 836 1119 914 illustre
1137 862 1325 937 peroras,
1362 863 1366 870 ·

456 947 553 1022 Prae
571 945 726 1041 reliquis
745 945 902 1044 posthac
920 941 1044 1045 fulget
1061 947 1110 1018 ab
1129 969 1203 1019 axe
1221 946 1354 1042 iubar<
1410 975 1415 988 ·

353 1052 510 1152 Saepius
527 1050 689 1126 auritluo
707 1049 802 1125 felix
821 1049 1001 1150 pen-debis
1018 1054 1068 1125 ab
1087 1076 1170 1144 ore,

458 1156 650 1233 Attonitas
667 1158 769 1232 oculi
786 1181 870 1232 rore
888 1157 1038 1257 rigante
1056 1182 1184 1257 genas,

354 1264 509 1364 Saepius
526 1261 610 1355 hie,
628 1264 740 1356 dices,
758 1263 887 1338 divino
904 1263 1069 1362 percitus
1086 1276 1229 1356 cestra,

457 1371 530 1445 Hie
549 1370 699 1446 revehit
717 1370 878 1469 priscam
896 1369 1143 1468 oumypietate
1159 1370 1294 1445 fideml

355 1476 514 1552 Nestora
531 1475 686 1550 consilio
704 1476 909 1569 mirabere,
927 1502 1081 1550 munere
1100 1477 1249 1568 Titum,

461 1582 701 1658 Ambrosium
720 1585 838 1658 suada
855 1583 978 1676 vocis,
997 1608 1123 1660 amore
1142 1584 1265 1659 Pium.

356 1693 431 1766 Per
447 1715 573 1783 mare,
591 1715 659 1788 per
675 1689 869 1788 scopulos,
887 1715 953 1788 per
970 1690 1075 1766 mille
1093 1689 1260 1788 pericula
1276 1689 1398 1783 uitae,

459 1797 559 1871 Tuta
577 1808 755 1870 coronata
772 1796 885 1871 litora
902 1800 1027 1894 puppe
1045 1797 1189 1895 legenS,

354 1905 480 1977 Aurea
498 1904 569 1976 sub
586 1915 692 1976 tanto
711 1901 926 1976 numerabis
943 1903 1116 2001 praesule
1133 1903 1272 1994 lustra,

459 2008 508 2083 Et
526 2008 633 2084 dabis
652 2008 785 2083 erectis
803 2009 919 2083 thura
936 2011 1136 2100 cremanda
1154 2007 1257 2084 focis
1361 2057 1362 2060 =

355 2116 459 2190 Haec
479 2115 558 2188 fore
576 2139 685 2197 musa
702 2114 799 2188 mihi
817 2117 1004 2210 quondam
1024 2115 1286 2214 praedixerat,
1303 2117 1431 2215 amplo

428 2260 434 2264 ·
459 2220 631 2320 Fulgura
649 2220 824 2313 virtutis,
842 2221 1036 2314 virbone,
1055 2235 1165 2321 capta
1182 2235 1282 2298 tuae.

356 2328 429 2404 Seu
448 2352 553 2401 sacra
571 2326 764 2426 dispensas
780 2327 950 2402 coelestis
968 2329 1112 2402 semina
1128 2329 1251 2422 vitae,

459 2433 633 2509 Ditatura
651 2459 720 2507 sua
738 2433 933 2530 fertilitate
950 2435 1075 2533 polea,

355 2540 442 2617 Sive
461 2551 592 2639 potens
610 2540 755 2615 animos
773 2539 936 2628 facundo
951 2542 1107 2616 numine
1125 2539 1250 2632 1111111,

460 2646 547 2738 Qua
563 2658 667 2744 patet
683 2647 880 2722 aethereae
897 2647 1029 2722 semita
1048 2659 1148 2740 certa
1166 2648 1311 2721 domus.

356 2753 433 2828 Nec
452 2753 542 2827 satis
560 2752 633 2826 hoc
651 2753 776 2826 studio
795 2766 982 2852 speratam
1002 2779 1137 2853 urgere
1156 2753 1338 2845 salutem,

461 2859 509 2935 Ni
527 2859 632 2932 lucra
650 2859 837 2933 coelicolis
854 2871 1004 2959 tempus
1021 2860 1061 2932 in
1080 2885 1190 2933 omne
1208 2858 1319 2934 feras,

354 2969 445 3042 Inde
463 2965 535 3041 tibi
553 2974 768 3066 exsurgunt
784 2965 880 3041 sacri
899 2978 1142 3041 monumenta
1159 2966 1318 3059 laboriS,
1413 3004 1415 3009 ·

462 3074 578 3171 Saepe
595 3074 750 3149 terenda
767 3099 903 3164 manu,
921 3075 1033 3148 corde
1050 3073 1212 3149 fovenda
1229 3072 1302 3172 pio.

355 3182 458 3255 Haec
477 3180 632 3254 iuvenes
649 3180 830 3271 volvunt,
847 3180 942 3254 11111
959 3180 1083 3253 volvit
1100 3184 1210 3254 tarda
1227 3192 1418 3271 senectus,

460 3286 646 3361 Omnibus
664 3287 759 3360 haec
777 3286 894 3361 studii
912 3288 1021 3385 larga
1039 3287 1216 3363 sementis
1233 3289 1350 3363 adest.

355 3429 478 3523 Atque
497 3425 665 3520 utinam,
683 3428 805 3502 vivax
823 3428 896 3524 qui
908 3421 1062 3526 spiritus
1080 3431 1187 3503 ardet
1205 3428 1243 3503 in
1259 3392 1417 3522 iisdem,

459 3532 652 3607 Mentibus
668 3533 707 3607 in
726 3535 873 3608 cunctis
890 3534 1116 3630 irrequietus
1135 3537 1246 3636 agat!
1329 3568 1331 3571 ·
1361 3552 1365 3559 '

357 3640 468 3715 Alma
486 3642 698 3721 reflorescet
714 3640 789 3715 late
807 3641 1000 3739 pietasque
1017 3640 1207 3739 fidesque,

272 3830 278 3840 ,
462 3748 548 3845 Ipsa
566 3770 634 3820 suo
652 3747 774 3820 virtus
792 3747 909 3821 stabit
925 3759 1052 3821 amata
1069 3748 1162 3821 loco.

356 3854 426 3944 At,
445 3878 542 3948 quae
560 3877 670 3927 musa
686 3866 816 3953 gemat
834 3856 1074 3927 memorando
1094 3847 1257 3927 carmine
1275 3854 1420 3928 luctum

462 3958 562 4034 Urbs
580 3971 736 4059 pestana
753 3972 887 4052 tuum,
905 3961 1028 4059 patria
1047 3958 1127 4033 sive
1144 3962 1285 4034 tuum?

358 4064 412 4140 Ut
430 4068 621 4160 quondam
638 4066 702 4139 ille
720 4066 783 4165 pio
802 4067 1017 4140 communia
1034 4068 1173 4140 damna
1189 4069 1367 4165 gemebat

462 4171 555 4264 Ore,
574 4172 674 4245 ciens
692 4173 879 4263 lacrimas,
897 4184 1114 4268 maestaque
1132 4176 1245 4246 corda
1263 4173 1402 4248 levans.

356 4278 543 4352 Luximus
562 4281 733 4353 orbatam
752 4278 914 4377 patriam
932 4291 1058 4377 patre,
1076 4272 1246 4353 luximus
1265 4304 1392 4353 omnes

414 4397 419 4408 ‘
464 4385 703 4482 Metropolim
721 4386 761 4457 in
780 4388 958 4484 praedam
977 4386 1153 4460 fluctibus
1171 4387 1224 4459 ire
1243 4385 1349 4461 feris:

357 4489 431 4582 Qui
449 4491 613 4591 gemitus
632 4492 789 4591 dignos,
808 4492 874 4587 qui
893 4517 1063 4593 congrua
1080 4496 1197 4567 verba
1215 4494 1336 4566 dolori

462 4600 646 4672 Immenso
665 4597 831 4689 invenit,
850 4625 971 4673 nonne
991 4599 1245 4673 Szaniszlo
1265 4598 1368 4673 suit?

358 4705 426 4780 Ille
446 4704 540 4800 fuit,
559 4730 671 4800 quem
692 4705 792 4778 iusta
810 4705 945 4779 dehinc
965 4703 1190 4779 sublimibus
1209 4704 1279 4777 alis

462 4811 675 4909 Gloriaper
691 4824 814 4885 terras
833 4822 869 4884 et
887 4835 999 4908 super
1016 4821 1117 4883 astra
1133 4811 1250 4884 uehit.

357 4916 434 4994 Nec
451 4942 558 4991 mora
575 4917 756 5016 purpurei
775 4917 952 4991 meritum
971 4917 1200 4992 comitantur
1217 4918 1397 5011 honores,

462 5022 510 5098 Et
528 5024 628 5099 locat
647 5024 795 5098 excelso
813 5023 965 5122 publica
983 5048 1073 5097 cura
1093 5020 1184 5099 fora.
