<?xml version="1.0" encoding="UTF-8"?>
<!DOCTYPE html PUBLIC "-//W3C//DTD XHTML 1.0 Transitional//EN"
    "http://www.w3.org/TR/xhtml1/DTD/xhtml1-transitional.dtd">
<html xmlns="http://www.w3.org/1999/xhtml" xml:lang="en" lang="en">
 <head>
  <title>
</title>
<meta http-equiv="Content-Type" content="text/html;charset=utf-8" />
  <meta name='ocr-system' content='tesseract 3.04.00' />
  <meta name='ocr-capabilities' content='ocr_page ocr_carea ocr_par ocr_line ocrx_word'/>
</head>
<body>
  <div class='ocr_page' id='page_1' title='image "./poematumlibrise00jallgoog_0160.png"; bbox 0 0 4084 6000; ppageno 0'>
   <div class='ocr_carea' id='block_1_1' title="bbox 1032 613 1104 718">
    <p class='ocr_par' dir='ltr' id='par_1_1' title="bbox 1032 613 1104 718">
     <span class='ocr_line' id='line_1_1' title="bbox 1032 613 1104 718; baseline 0 -28"><span class='ocrx_word' id='word_1_1' title='bbox 1032 613 1104 718; x_wconf 76' lang='lat'>132</span> 
     </span>
    </p>
   </div>
   <div class='ocr_carea' id='block_1_2' title="bbox 468 823 1504 2759">
    <p class='ocr_par' dir='ltr' id='par_1_2' title="bbox 479 823 1412 1038">
     <span class='ocr_line' id='line_1_2' title="bbox 479 823 1379 927; baseline -0.006 -22"><span class='ocrx_word' id='word_1_2' title='bbox 479 831 721 906; x_wconf 78' lang='lat' dir='ltr'>Praetereunt</span> <span class='ocrx_word' id='word_1_3' title='bbox 739 828 849 920; x_wconf 82' lang='lat' dir='ltr'>anui,</span> <span class='ocrx_word' id='word_1_4' title='bbox 866 836 1069 927; x_wconf 78' lang='lat' dir='ltr'>componat</span> <span class='ocrx_word' id='word_1_5' title='bbox 1088 823 1231 926; x_wconf 85' lang='lat' dir='ltr'>frigida</span> <span class='ocrx_word' id='word_1_6' title='bbox 1248 833 1379 902; x_wconf 79' lang='lat' dir='ltr'>mutue</span> 
     </span>
     <span class='ocr_line' id='line_1_3' title="bbox 586 930 1412 1038; baseline -0.005 -26"><span class='ocrx_word' id='word_1_7' title='bbox 586 935 680 1012; x_wconf 88' lang='lat' dir='ltr'>Ossa</span> <span class='ocrx_word' id='word_1_8' title='bbox 697 934 787 1038; x_wconf 89' lang='lat' dir='ltr'>licet</span> <span class='ocrx_word' id='word_1_9' title='bbox 802 934 997 1027; x_wconf 87' lang='lat' dir='ltr'>tumulus,</span> <span class='ocrx_word' id='word_1_10' title='bbox 1016 931 1119 1010; x_wconf 84' lang='lat' dir='ltr'>fama</span> <span class='ocrx_word' id='word_1_11' title='bbox 1137 930 1312 1032; x_wconf 83' lang='lat' dir='ltr'>perennis</span> <span class='ocrx_word' id='word_1_12' title='bbox 1329 933 1412 1010; x_wconf 89' lang='lat' dir='ltr'>erit.</span> 
     </span>
    </p>

    <p class='ocr_par' dir='ltr' id='par_1_3' title="bbox 477 1040 1432 1249">
     <span class='ocr_line' id='line_1_4' title="bbox 477 1040 1432 1145; baseline -0.002 -27"><span class='ocrx_word' id='word_1_13' title='bbox 477 1043 581 1145; x_wconf 84' lang='lat' dir='ltr'>Ergo</span> <span class='ocrx_word' id='word_1_14' title='bbox 600 1044 633 1119; x_wconf 93' lang='lat' dir='ltr'>si</span> <span class='ocrx_word' id='word_1_15' title='bbox 650 1044 857 1121; x_wconf 82' lang='lat' dir='ltr'>incendunt</span> <span class='ocrx_word' id='word_1_16' title='bbox 873 1041 1054 1117; x_wconf 79' lang='lat' dir='ltr'>meliores.</span> <span class='ocrx_word' id='word_1_17' title='bbox 1065 1050 1218 1142; x_wconf 83' lang='lat' dir='ltr'>pectora</span> <span class='ocrx_word' id='word_1_18' title='bbox 1236 1040 1432 1133; x_wconf 88' lang='lat' dir='ltr'>fiammae,</span> 
     </span>
     <span class='ocr_line' id='line_1_5' title="bbox 584 1147 1410 1249; baseline -0.001 -22"><span class='ocrx_word' id='word_1_19' title='bbox 584 1152 709 1248; x_wconf 80' lang='lat' dir='ltr'>Atque</span> <span class='ocrx_word' id='word_1_20' title='bbox 727 1149 866 1248; x_wconf 79' lang='lat' dir='ltr'>aliquis</span> <span class='ocrx_word' id='word_1_21' title='bbox 884 1149 979 1225; x_wconf 84' lang='lat' dir='ltr'>clari</span> <span class='ocrx_word' id='word_1_22' title='bbox 996 1147 1160 1224; x_wconf 90' lang='lat' dir='ltr'>nominis</span> <span class='ocrx_word' id='word_1_23' title='bbox 1178 1149 1290 1222; x_wconf 88' lang='lat' dir='ltr'>ardor</span> <span class='ocrx_word' id='word_1_24' title='bbox 1307 1148 1410 1249; x_wconf 84' lang='lat' dir='ltr'>agit,</span> 
     </span>
    </p>

    <p class='ocr_par' dir='ltr' id='par_1_4' title="bbox 476 1255 1404 1460">
     <span class='ocr_line' id='line_1_6' title="bbox 476 1255 1388 1360; baseline -0.003 -25"><span class='ocrx_word' id='word_1_25' title='bbox 476 1260 628 1354; x_wconf 41' lang='lat' dir='ltr'>Exeree,</span> <span class='ocrx_word' id='word_1_26' title='bbox 642 1259 861 1360; x_wconf 79' lang='lat' dir='ltr'>ingenium,</span> <span class='ocrx_word' id='word_1_27' title='bbox 880 1282 972 1332; x_wconf 89' lang='lat' dir='ltr'>cave</span> <span class='ocrx_word' id='word_1_28' title='bbox 990 1256 1183 1332; x_wconf 86' lang='lat' dir='ltr'>declinare</span> <span class='ocrx_word' id='word_1_29' title='bbox 1198 1255 1388 1350; x_wconf 88' lang='lat' dir='ltr'>laborem,</span> 
     </span>
     <span class='ocr_line' id='line_1_7' title="bbox 581 1362 1404 1460; baseline 0 -19"><span class='ocrx_word' id='word_1_30' title='bbox 581 1362 775 1441; x_wconf 81' lang='lat' dir='ltr'>Inteutum</span> <span class='ocrx_word' id='word_1_31' title='bbox 793 1365 924 1442; x_wconf 79' lang='lat' dir='ltr'>uideat</span> <span class='ocrx_word' id='word_1_32' title='bbox 941 1383 1096 1460; x_wconf 79' lang='lat' dir='ltr'><strong>noxque</strong></span> <span class='ocrx_word' id='word_1_33' title='bbox 1113 1364 1269 1458; x_wconf 81' lang='lat' dir='ltr'>diesque</span> <span class='ocrx_word' id='word_1_34' title='bbox 1287 1362 1404 1440; x_wconf 91' lang='lat' dir='ltr'>libris.</span> 
     </span>
    </p>

    <p class='ocr_par' dir='ltr' id='par_1_5' title="bbox 476 1470 1504 1682">
     <span class='ocr_line' id='line_1_8' title="bbox 476 1470 1460 1578; baseline -0.002 -29"><span class='ocrx_word' id='word_1_35' title='bbox 476 1473 657 1549; x_wconf 83' lang='lat' dir='ltr'>Palladiis</span> <span class='ocrx_word' id='word_1_36' title='bbox 675 1472 791 1556; x_wconf 84' lang='lat' dir='ltr'>sacris</span> <span class='ocrx_word' id='word_1_37' title='bbox 807 1484 957 1572; x_wconf 88' lang='lat' dir='ltr'>tempus</span> <span class='ocrx_word' id='word_1_38' title='bbox 975 1470 1079 1578; x_wconf 72' lang='lat' dir='ltr'>favet</span> <span class='ocrx_word' id='word_1_39' title='bbox 1098 1493 1227 1547; x_wconf 90' lang='lat' dir='ltr'>omne:</span> <span class='ocrx_word' id='word_1_40' title='bbox 1246 1470 1377 1548; x_wconf 87' lang='lat' dir='ltr'>labora</span> <span class='ocrx_word' id='word_1_41' title='bbox 1456 1524 1460 1531; x_wconf 90' lang='lat'>-</span> 
     </span>
     <span class='ocr_line' id='line_1_9' title="bbox 580 1573 1504 1682; baseline -0.002 -26"><span class='ocrx_word' id='word_1_42' title='bbox 580 1583 624 1656; x_wconf 88' lang='lat' dir='ltr'>In</span> <span class='ocrx_word' id='word_1_43' title='bbox 643 1581 764 1682; x_wconf 88' lang='lat' dir='ltr'>pretio</span> <span class='ocrx_word' id='word_1_44' title='bbox 783 1581 945 1678; x_wconf 84' lang='lat' dir='ltr'>quodvis</span> <span class='ocrx_word' id='word_1_45' title='bbox 964 1590 1115 1679; x_wconf 84' lang='lat' dir='ltr'>tempus</span> <span class='ocrx_word' id='word_1_46' title='bbox 1133 1579 1274 1654; x_wconf 83' lang='lat' dir='ltr'>habere</span> <span class='ocrx_word' id='word_1_47' title='bbox 1293 1605 1372 1656; x_wconf 90' lang='lat' dir='ltr'>suo.</span> <span class='ocrx_word' id='word_1_48' title='bbox 1500 1573 1504 1580; x_wconf 69' lang='grc'><strong>’</strong></span> 
     </span>
    </p>

    <p class='ocr_par' dir='ltr' id='par_1_6' title="bbox 473 1685 1459 1896">
     <span class='ocr_line' id='line_1_10' title="bbox 473 1685 1459 1789; baseline -0.001 -26"><span class='ocrx_word' id='word_1_49' title='bbox 473 1688 548 1764; x_wconf 88' lang='lat' dir='ltr'>Seu</span> <span class='ocrx_word' id='word_1_50' title='bbox 565 1689 739 1789; x_wconf 85' lang='lat' dir='ltr'>glacialis</span> <span class='ocrx_word' id='word_1_51' title='bbox 756 1688 879 1764; x_wconf 88' lang='lat' dir='ltr'>hiems</span> <span class='ocrx_word' id='word_1_52' title='bbox 897 1690 1019 1763; x_wconf 89' lang='lat' dir='ltr'>undas</span> <span class='ocrx_word' id='word_1_53' title='bbox 1037 1685 1278 1786; x_wconf 82' lang='lat' dir='ltr'>constringat.</span> <span class='ocrx_word' id='word_1_54' title='bbox 1291 1697 1329 1762; x_wconf 88' lang='lat' dir='ltr'>et</span> <span class='ocrx_word' id='word_1_55' title='bbox 1347 1713 1459 1780; x_wconf 85' lang='lat' dir='ltr'>arva,</span> 
     </span>
     <span class='ocr_line' id='line_1_11' title="bbox 577 1795 1434 1896; baseline -0.002 -24"><span class='ocrx_word' id='word_1_56' title='bbox 577 1795 632 1872; x_wconf 86' lang='lat' dir='ltr'>Ne</span> <span class='ocrx_word' id='word_1_57' title='bbox 651 1819 804 1871; x_wconf 89' lang='lat' dir='ltr'>cursum</span> <span class='ocrx_word' id='word_1_58' title='bbox 823 1796 950 1870; x_wconf 83' lang='lat' dir='ltr'>valeat</span> <span class='ocrx_word' id='word_1_59' title='bbox 968 1795 1102 1870; x_wconf 77' lang='lat' dir='ltr'>sistere</span> <span class='ocrx_word' id='word_1_60' title='bbox 1119 1819 1235 1871; x_wconf 88' lang='lat' dir='ltr'>saeva</span> <span class='ocrx_word' id='word_1_61' title='bbox 1252 1805 1381 1870; x_wconf 86' lang='lat' dir='ltr'>tuum:</span> <span class='ocrx_word' id='word_1_62' title='bbox 1420 1847 1434 1896; x_wconf 18' lang='grc' dir='ltr'>χ,</span> 
     </span>
    </p>

    <p class='ocr_par' dir='ltr' id='par_1_7' title="bbox 474 1901 1400 2088">
     <span class='ocr_line' id='line_1_12' title="bbox 474 1901 1400 2005; baseline -0.002 -25"><span class='ocrx_word' id='word_1_63' title='bbox 474 1903 562 1980; x_wconf 88' lang='lat' dir='ltr'>Sive</span> <span class='ocrx_word' id='word_1_64' title='bbox 582 1905 685 1979; x_wconf 89' lang='lat' dir='ltr'>calor</span> <span class='ocrx_word' id='word_1_65' title='bbox 701 1903 826 2005; x_wconf 89' lang='lat' dir='ltr'>rapidi</span> <span class='ocrx_word' id='word_1_66' title='bbox 845 1901 948 1978; x_wconf 84' lang='lat' dir='ltr'>ferus</span> <span class='ocrx_word' id='word_1_67' title='bbox 966 1913 1052 1978; x_wconf 87' lang='lat' dir='ltr'>urat</span> <span class='ocrx_word' id='word_1_68' title='bbox 1071 1905 1242 1980; x_wconf 84' lang='lat' dir='ltr'>membre</span> <span class='ocrx_word' id='word_1_69' title='bbox 1259 1902 1400 1994; x_wconf 84' lang='lat' dir='ltr'>leonis,</span> 
     </span>
     <span class='ocr_line' id='line_1_13' title="bbox 577 2010 1257 2088; baseline -0.004 -1"><span class='ocrx_word' id='word_1_70' title='bbox 577 2011 740 2088; x_wconf 86' lang='lat' dir='ltr'>Immitis</span> <span class='ocrx_word' id='word_1_71' title='bbox 757 2011 894 2087; x_wconf 86' lang='lat' dir='ltr'>studiis</span> <span class='ocrx_word' id='word_1_72' title='bbox 912 2011 1055 2086; x_wconf 87' lang='lat' dir='ltr'>neseiat</span> <span class='ocrx_word' id='word_1_73' title='bbox 1074 2035 1153 2086; x_wconf 92' lang='lat' dir='ltr'>esse</span> <span class='ocrx_word' id='word_1_74' title='bbox 1169 2010 1257 2086; x_wconf 85' lang='lat' dir='ltr'>tuis.</span> 
     </span>
    </p>

    <p class='ocr_par' dir='ltr' id='par_1_8' title="bbox 471 2117 1462 2323">
     <span class='ocr_line' id='line_1_14' title="bbox 471 2117 1462 2218; baseline 0 -24"><span class='ocrx_word' id='word_1_75' title='bbox 471 2119 519 2194; x_wconf 77' lang='lat' dir='ltr'>Et</span> <span class='ocrx_word' id='word_1_76' title='bbox 538 2119 715 2216; x_wconf 87' lang='lat' dir='ltr'>quamvis</span> <span class='ocrx_word' id='word_1_77' title='bbox 734 2119 872 2195; x_wconf 85' lang='lat' dir='ltr'>celeres</span> <span class='ocrx_word' id='word_1_78' title='bbox 890 2127 1070 2195; x_wconf 89' lang='lat' dir='ltr'>moveant</span> <span class='ocrx_word' id='word_1_79' title='bbox 1088 2143 1158 2193; x_wconf 88' lang='lat' dir='ltr'>sua</span> <span class='ocrx_word' id='word_1_80' title='bbox 1168 2117 1318 2218; x_wconf 57' lang='lat' dir='ltr'>7praelia</span> <span class='ocrx_word' id='word_1_81' title='bbox 1336 2119 1462 2212; x_wconf 89' lang='lat' dir='ltr'>venti,</span> 
     </span>
     <span class='ocr_line' id='line_1_15' title="bbox 575 2225 1294 2323; baseline -0.003 -21"><span class='ocrx_word' id='word_1_82' title='bbox 575 2228 659 2302; x_wconf 89' lang='lat' dir='ltr'>Hac</span> <span class='ocrx_word' id='word_1_83' title='bbox 677 2237 746 2304; x_wconf 87' lang='lat' dir='ltr'>tua</span> <span class='ocrx_word' id='word_1_84' title='bbox 763 2227 814 2302; x_wconf 90' lang='lat' dir='ltr'>sit</span> <span class='ocrx_word' id='word_1_85' title='bbox 831 2226 953 2302; x_wconf 87' lang='lat' dir='ltr'>maior</span> <span class='ocrx_word' id='word_1_86' title='bbox 971 2225 1156 2302; x_wconf 82' lang='lat' dir='ltr'>seditione</span> <span class='ocrx_word' id='word_1_87' title='bbox 1175 2225 1294 2323; x_wconf 80' lang='lat' dir='ltr'>quiea.</span> 
     </span>
    </p>

    <p class='ocr_par' dir='ltr' id='par_1_9' title="bbox 470 2333 1434 2544">
     <span class='ocr_line' id='line_1_16' title="bbox 470 2333 1434 2430; baseline -0.001 -21"><span class='ocrx_word' id='word_1_88' title='bbox 470 2335 517 2410; x_wconf 83' lang='lat' dir='ltr'>Et</span> <span class='ocrx_word' id='word_1_89' title='bbox 535 2360 683 2409; x_wconf 86' lang='lat' dir='ltr'>memor</span> <span class='ocrx_word' id='word_1_90' title='bbox 700 2333 837 2427; x_wconf 85' lang='lat' dir='ltr'>officii,</span> <span class='ocrx_word' id='word_1_91' title='bbox 857 2359 1057 2430; x_wconf 89' lang='lat' dir='ltr'>quomens</span> <span class='ocrx_word' id='word_1_92' title='bbox 1076 2336 1244 2410; x_wconf 84' lang='lat' dir='ltr'>ornanda</span> <span class='ocrx_word' id='word_1_93' title='bbox 1263 2333 1434 2426; x_wconf 86' lang='lat' dir='ltr'>iubetur,</span> 
     </span>
     <span class='ocr_line' id='line_1_17' title="bbox 573 2442 1432 2544; baseline -0.007 -27"><span class='ocrx_word' id='word_1_94' title='bbox 573 2442 736 2543; x_wconf 84' lang='lat' dir='ltr'>Exauge</span> <span class='ocrx_word' id='word_1_95' title='bbox 751 2442 921 2544; x_wconf 77' lang='lat' dir='ltr'>ingeni-i,</span> <span class='ocrx_word' id='word_1_96' title='bbox 940 2465 1017 2538; x_wconf 89' lang='lat' dir='ltr'>qua</span> <span class='ocrx_word' id='word_1_97' title='bbox 1036 2450 1142 2542; x_wconf 88' lang='lat' dir='ltr'>potes</span> <span class='ocrx_word' id='word_1_98' title='bbox 1162 2451 1263 2533; x_wconf 87' lang='lat' dir='ltr'>arte,</span> <span class='ocrx_word' id='word_1_99' title='bbox 1281 2444 1406 2516; x_wconf 86' lang='lat' dir='ltr'>decus.</span> <span class='ocrx_word' id='word_1_100' title='bbox 1429 2503 1432 2509; x_wconf 91' lang='grc'><em>,</em></span> 
     </span>
    </p>

    <p class='ocr_par' dir='ltr' id='par_1_10' title="bbox 468 2547 1436 2759">
     <span class='ocr_line' id='line_1_18' title="bbox 468 2547 1417 2648; baseline 0.001 -25"><span class='ocrx_word' id='word_1_101' title='bbox 468 2551 560 2625; x_wconf 88' lang='lat' dir='ltr'>lude</span> <span class='ocrx_word' id='word_1_102' title='bbox 580 2549 654 2626; x_wconf 90' lang='lat' dir='ltr'>tibi</span> <span class='ocrx_word' id='word_1_103' title='bbox 664 2550 814 2643; x_wconf 76' lang='lat' dir='ltr'>virtus,</span> <span class='ocrx_word' id='word_1_104' title='bbox 829 2551 916 2624; x_wconf 85' lang='lat' dir='ltr'>laus</span> <span class='ocrx_word' id='word_1_105' title='bbox 934 2549 1044 2641; x_wconf 87' lang='lat' dir='ltr'>inde,</span> <span class='ocrx_word' id='word_1_106' title='bbox 1062 2557 1101 2623; x_wconf 86' lang='lat' dir='ltr'>et</span> <span class='ocrx_word' id='word_1_107' title='bbox 1120 2547 1222 2623; x_wconf 80' lang='lat' dir='ltr'>fama</span> <span class='ocrx_word' id='word_1_108' title='bbox 1239 2559 1417 2648; x_wconf 83' lang='lat' dir='ltr'>paratur,</span> 
     </span>
     <span class='ocr_line' id='line_1_19' title="bbox 572 2657 1436 2759; baseline -0.001 -27"><span class='ocrx_word' id='word_1_109' title='bbox 572 2659 662 2733; x_wconf 91' lang='lat' dir='ltr'>Inde</span> <span class='ocrx_word' id='word_1_110' title='bbox 683 2657 796 2759; x_wconf 80' lang='lat' dir='ltr'>vigor</span> <span class='ocrx_word' id='word_1_111' title='bbox 809 2657 1013 2748; x_wconf 87' lang='lat' dir='ltr'>membris,</span> <span class='ocrx_word' id='word_1_112' title='bbox 1032 2657 1120 2732; x_wconf 90' lang='lat' dir='ltr'>inde</span> <span class='ocrx_word' id='word_1_113' title='bbox 1137 2667 1317 2756; x_wconf 82' lang='lat' dir='ltr'>petentur</span> <span class='ocrx_word' id='word_1_114' title='bbox 1335 2683 1436 2757; x_wconf 88' lang='lat' dir='ltr'>opes.</span> 
     </span>
    </p>
   </div>
   <div class='ocr_carea' id='block_1_3' title="bbox 946 2947 1060 2963">
    <p class='ocr_par' dir='ltr' id='par_1_11' title="bbox 946 2947 1060 2963">
     <span class='ocr_line' id='line_1_20' title="bbox 946 2947 1060 2963; baseline 0.009 -10"><span class='ocrx_word' id='word_1_115' title='bbox 946 2947 1060 2963; x_wconf 34' lang='grc' dir='ltr'>κ’,</span> 
     </span>
    </p>
   </div>
   <div class='ocr_carea' id='block_1_4' title="bbox 654 3143 1239 3299">
    <p class='ocr_par' dir='ltr' id='par_1_12' title="bbox 654 3143 1239 3299">
     <span class='ocr_line' id='line_1_21' title="bbox 654 3143 1239 3299; baseline 0.002 -20"><span class='ocrx_word' id='word_1_116' title='bbox 654 3143 666 3188; x_wconf 48' lang='lat'>&#39;⁴</span> <span class='ocrx_word' id='word_1_117' title='bbox 799 3264 803 3269; x_wconf 90' lang='lat'>.</span> <span class='ocrx_word' id='word_1_118' title='bbox 856 3192 1058 3299; x_wconf 68' lang='lat' dir='ltr'>Elegia</span> <span class='ocrx_word' id='word_1_119' title='bbox 1087 3196 1239 3281; x_wconf 69' lang='lat' dir='ltr'>xm.</span> 
     </span>
    </p>
   </div>
   <div class='ocr_carea' id='block_1_5' title="bbox 601 3368 1505 3505">
    <p class='ocr_par' dir='ltr' id='par_1_13' title="bbox 601 3368 1505 3505">
     <span class='ocr_line' id='line_1_22' title="bbox 601 3368 1505 3505; baseline 0 -18"><span class='ocrx_word' id='word_1_120' title='bbox 601 3418 708 3487; x_wconf 77' lang='lat' dir='ltr'>Filius</span> <span class='ocrx_word' id='word_1_121' title='bbox 719 3368 995 3501; x_wconf 61' lang='lat' dir='ltr'>&#39;umesurrcrtum</span> <span class='ocrx_word' id='word_1_122' title='bbox 1012 3417 1125 3505; x_wconf 71' lang='lat' dir='ltr'>patris</span> <span class='ocrx_word' id='word_1_123' title='bbox 1142 3418 1196 3485; x_wconf 78' lang='lat' dir='ltr'>rui</span> <span class='ocrx_word' id='word_1_124' title='bbox 1214 3416 1375 3497; x_wconf 72' lang='lat' dir='ltr'>termulum</span> <span class='ocrx_word' id='word_1_125' title='bbox 1390 3414 1505 3487; x_wconf 48' lang='lat'><strong><em>«1837.</em></strong></span> 
     </span>
    </p>
   </div>
   <div class='ocr_carea' id='block_1_6' title="bbox 461 3591 1496 5116">
    <p class='ocr_par' dir='ltr' id='par_1_14' title="bbox 467 3591 1410 3843">
     <span class='ocr_line' id='line_1_23' title="bbox 467 3591 1410 3735; baseline 0.002 -28"><span class='ocrx_word' id='word_1_126' title='bbox 467 3591 623 3709; x_wconf 77' lang='lat' dir='ltr'>lllebiiis</span> <span class='ocrx_word' id='word_1_127' title='bbox 641 3644 730 3724; x_wconf 84' lang='lat' dir='ltr'>ante</span> <span class='ocrx_word' id='word_1_128' title='bbox 747 3642 856 3709; x_wconf 87' lang='lat' dir='ltr'>tuam</span> <span class='ocrx_word' id='word_1_129' title='bbox 873 3633 1026 3735; x_wconf 86' lang='lat' dir='ltr'>genitor</span> <span class='ocrx_word' id='word_1_130' title='bbox 1043 3644 1118 3709; x_wconf 88' lang='lat' dir='ltr'>stat</span> <span class='ocrx_word' id='word_1_131' title='bbox 1136 3632 1239 3709; x_wconf 86' lang='lat' dir='ltr'>filius</span> <span class='ocrx_word' id='word_1_132' title='bbox 1259 3654 1392 3709; x_wconf 87' lang='lat' dir='ltr'>urnam</span> <span class='ocrx_word' id='word_1_133' title='bbox 1399 3664 1410 3731; x_wconf 40' lang='lat'>¹3</span> 
     </span>
     <span class='ocr_line' id='line_1_24' title="bbox 517 3736 1392 3843; baseline 0 -26"><span class='ocrx_word' id='word_1_134' title='bbox 517 3736 522 3749; x_wconf 84' lang='grc'><em>’</em></span> <span class='ocrx_word' id='word_1_135' title='bbox 573 3741 613 3817; x_wconf 85' lang='lat' dir='ltr'>si</span> <span class='ocrx_word' id='word_1_136' title='bbox 631 3741 770 3817; x_wconf 90' lang='lat' dir='ltr'>meruit</span> <span class='ocrx_word' id='word_1_137' title='bbox 787 3742 919 3819; x_wconf 84' lang='lat' dir='ltr'>vultus</span> <span class='ocrx_word' id='word_1_138' title='bbox 937 3742 1102 3843; x_wconf 78' lang='lat' dir='ltr'>respice,</span> <span class='ocrx_word' id='word_1_139' title='bbox 1121 3764 1281 3840; x_wconf 86' lang='lat' dir='ltr'>quaeso,</span> <span class='ocrx_word' id='word_1_140' title='bbox 1300 3740 1392 3842; x_wconf 86' lang='lat' dir='ltr'>pios.</span> 
     </span>
    </p>

    <p class='ocr_par' dir='ltr' id='par_1_15' title="bbox 466 3849 1464 4060">
     <span class='ocr_line' id='line_1_25' title="bbox 466 3849 1464 3954; baseline 0.001 -28"><span class='ocrx_word' id='word_1_141' title='bbox 466 3849 770 3926; x_wconf 84' lang='lat' dir='ltr'>Cernes-assiduo</span> <span class='ocrx_word' id='word_1_142' title='bbox 790 3849 923 3936; x_wconf 86' lang='lat' dir='ltr'>vitiari</span> <span class='ocrx_word' id='word_1_143' title='bbox 940 3850 1086 3926; x_wconf 83' lang='lat' dir='ltr'>lumina</span> <span class='ocrx_word' id='word_1_144' title='bbox 1104 3852 1217 3942; x_wconf 83' lang='lat' dir='ltr'>fletu,</span> <span class='ocrx_word' id='word_1_145' title='bbox 1462 3920 1464 3954; x_wconf 60' lang='lat'>,</span> 
     </span>
     <span class='ocr_line' id='line_1_26' title="bbox 571 3955 1462 4060; baseline -0.006 -25"><span class='ocrx_word' id='word_1_146' title='bbox 571 3959 856 4060; x_wconf 77' lang='lat' dir='ltr'>Perquegenas</span> <span class='ocrx_word' id='word_1_147' title='bbox 874 3958 976 4033; x_wconf 91' lang='lat' dir='ltr'>rivos</span> <span class='ocrx_word' id='word_1_148' title='bbox 994 3983 1167 4050; x_wconf 87' lang='lat' dir='ltr'>currere,</span> <span class='ocrx_word' id='word_1_149' title='bbox 1185 3980 1327 4057; x_wconf 89' lang='lat' dir='ltr'>perque</span> <span class='ocrx_word' id='word_1_150' title='bbox 1346 3955 1462 4031; x_wconf 88' lang='lat' dir='ltr'>sinus.</span> 
     </span>
    </p>

    <p class='ocr_par' dir='ltr' id='par_1_16' title="bbox 465 4064 1444 4268">
     <span class='ocr_line' id='line_1_27' title="bbox 465 4064 1444 4167; baseline -0.004 -26"><span class='ocrx_word' id='word_1_151' title='bbox 465 4066 705 4141; x_wconf 78' lang='lat' dir='ltr'>Exhaustum</span> <span class='ocrx_word' id='word_1_152' title='bbox 724 4087 852 4142; x_wconf 82' lang='lat' dir='ltr'>cernes</span> <span class='ocrx_word' id='word_1_153' title='bbox 870 4064 1028 4160; x_wconf 80' lang='lat' dir='ltr'>faciem,</span> <span class='ocrx_word' id='word_1_154' title='bbox 1047 4085 1250 4167; x_wconf 87' lang='lat' dir='ltr'>passosque</span> <span class='ocrx_word' id='word_1_155' title='bbox 1268 4064 1444 4163; x_wconf 77' lang='lat' dir='ltr'>cepides,</span> 
     </span>
     <span class='ocr_line' id='line_1_28' title="bbox 570 4168 1384 4268; baseline -0.005 -18"><span class='ocrx_word' id='word_1_156' title='bbox 570 4177 619 4250; x_wconf 88' lang='lat' dir='ltr'>Et</span> <span class='ocrx_word' id='word_1_157' title='bbox 637 4172 822 4268; x_wconf 84' lang='lat' dir='ltr'>frontem,</span> <span class='ocrx_word' id='word_1_158' title='bbox 841 4174 949 4250; x_wconf 89' lang='lat' dir='ltr'>cuius</span> <span class='ocrx_word' id='word_1_159' title='bbox 968 4168 1111 4251; x_wconf 82' lang='lat' dir='ltr'>decidit</span> <span class='ocrx_word' id='word_1_160' title='bbox 1131 4192 1240 4249; x_wconf 82' lang='lat' dir='ltr'>omne</span> <span class='ocrx_word' id='word_1_161' title='bbox 1259 4173 1384 4247; x_wconf 88' lang='lat' dir='ltr'>decus.</span> 
     </span>
    </p>

    <p class='ocr_par' dir='ltr' id='par_1_17' title="bbox 464 4279 1427 4491">
     <span class='ocr_line' id='line_1_29' title="bbox 464 4279 1427 4383; baseline -0.005 -26"><span class='ocrx_word' id='word_1_162' title='bbox 464 4281 514 4357; x_wconf 87' lang='lat' dir='ltr'>Et</span> <span class='ocrx_word' id='word_1_163' title='bbox 532 4280 690 4383; x_wconf 86' lang='lat' dir='ltr'>trepidis</span> <span class='ocrx_word' id='word_1_164' title='bbox 708 4304 839 4357; x_wconf 85' lang='lat' dir='ltr'>cernes</span> <span class='ocrx_word' id='word_1_165' title='bbox 853 4283 1082 4358; x_wconf 76' lang='lat' dir='ltr'>convulsum</span> <span class='ocrx_word' id='word_1_166' title='bbox 1099 4290 1254 4381; x_wconf 75' lang='lat' dir='ltr'>pectora</span> <span class='ocrx_word' id='word_1_167' title='bbox 1271 4279 1427 4379; x_wconf 87' lang='lat' dir='ltr'>palmis,</span> 
     </span>
     <span class='ocr_line' id='line_1_30' title="bbox 570 4385 1364 4491; baseline -0.006 -25"><span class='ocrx_word' id='word_1_168' title='bbox 570 4390 601 4466; x_wconf 86' lang='lat' dir='ltr'><strong>F</strong></span> <span class='ocrx_word' id='word_1_169' title='bbox 602 4390 804 4482; x_wconf 78' lang='lat' dir='ltr'>uneribrm,</span> <span class='ocrx_word' id='word_1_170' title='bbox 823 4390 993 4491; x_wconf 86' lang='lat' dir='ltr'>genitor,</span> <span class='ocrx_word' id='word_1_171' title='bbox 1012 4388 1139 4463; x_wconf 88' lang='lat' dir='ltr'>saucia</span> <span class='ocrx_word' id='word_1_172' title='bbox 1150 4385 1260 4462; x_wconf 37' lang='lat' dir='ltr'>*facta</span> <span class='ocrx_word' id='word_1_173' title='bbox 1276 4387 1364 4462; x_wconf 90' lang='lat' dir='ltr'>tuis.</span> 
     </span>
    </p>

    <p class='ocr_par' dir='ltr' id='par_1_18' title="bbox 463 4494 1417 4705">
     <span class='ocr_line' id='line_1_31' title="bbox 463 4494 1417 4591; baseline -0.004 -19"><span class='ocrx_word' id='word_1_174' title='bbox 463 4496 568 4572; x_wconf 82' lang='lat' dir='ltr'>Heu!</span> <span class='ocrx_word' id='word_1_175' title='bbox 587 4496 731 4573; x_wconf 84' lang='lat' dir='ltr'>frustra</span> <span class='ocrx_word' id='word_1_176' title='bbox 744 4498 873 4572; x_wconf 89' lang='lat' dir='ltr'>luctus</span> <span class='ocrx_word' id='word_1_177' title='bbox 891 4496 1007 4588; x_wconf 78' lang='lat' dir='ltr'>itero,</span> <span class='ocrx_word' id='word_1_178' title='bbox 1024 4512 1233 4591; x_wconf 84' lang='lat' dir='ltr'>saevosque</span> <span class='ocrx_word' id='word_1_179' title='bbox 1252 4494 1417 4586; x_wconf 78' lang='lat' dir='ltr'>dolores,</span> 
     </span>
     <span class='ocr_line' id='line_1_32' title="bbox 568 4602 1352 4705; baseline -0.006 -25"><span class='ocrx_word' id='word_1_180' title='bbox 568 4605 619 4680; x_wconf 85' lang='lat' dir='ltr'>Et</span> <span class='ocrx_word' id='word_1_181' title='bbox 637 4617 766 4705; x_wconf 89' lang='lat' dir='ltr'>repeto</span> <span class='ocrx_word' id='word_1_182' title='bbox 785 4604 927 4679; x_wconf 80' lang='lat' dir='ltr'>frustra</span> <span class='ocrx_word' id='word_1_183' title='bbox 945 4602 1100 4680; x_wconf 85' lang='lat' dir='ltr'>nomina</span> <span class='ocrx_word' id='word_1_184' title='bbox 1119 4620 1206 4677; x_wconf 83' lang='lat' dir='ltr'>cara</span> <span class='ocrx_word' id='word_1_185' title='bbox 1223 4602 1352 4702; x_wconf 86' lang='lat' dir='ltr'>patris.</span> 
     </span>
    </p>

    <p class='ocr_par' dir='ltr' id='par_1_19' title="bbox 461 4710 1496 5028">
     <span class='ocr_line' id='line_1_33' title="bbox 461 4710 1496 4814; baseline -0.008 -25"><span class='ocrx_word' id='word_1_186' title='bbox 461 4712 526 4789; x_wconf 90' lang='lat' dir='ltr'>Nil</span> <span class='ocrx_word' id='word_1_187' title='bbox 543 4712 691 4814; x_wconf 87' lang='lat' dir='ltr'>gemitu</span> <span class='ocrx_word' id='word_1_188' title='bbox 707 4711 950 4809; x_wconf 82' lang='lat' dir='ltr'>lacrimisque</span> <span class='ocrx_word' id='word_1_189' title='bbox 968 4710 1281 4807; x_wconf 86' lang='lat' dir='ltr'>meisverbisque</span> <span class='ocrx_word' id='word_1_190' title='bbox 1301 4717 1496 4798; x_wconf 81' lang='lat' dir='ltr'>movetur,</span> 
     </span>
     <span class='ocr_line' id='line_1_34' title="bbox 567 4812 1384 4922; baseline -0.007 -25"><span class='ocrx_word' id='word_1_191' title='bbox 567 4812 727 4922; x_wconf 84' lang='lat' dir='ltr'>Respuit</span> <span class='ocrx_word' id='word_1_192' title='bbox 744 4819 884 4895; x_wconf 87' lang='lat' dir='ltr'>effusas</span> <span class='ocrx_word' id='word_1_193' title='bbox 902 4830 996 4893; x_wconf 87' lang='lat' dir='ltr'>trux</span> <span class='ocrx_word' id='word_1_194' title='bbox 1013 4818 1181 4907; x_wconf 88' lang='lat' dir='ltr'>Libitina</span> <span class='ocrx_word' id='word_1_195' title='bbox 1198 4842 1336 4917; x_wconf 88' lang='lat' dir='ltr'>preces.</span> <span class='ocrx_word' id='word_1_196' title='bbox 1382 4870 1384 4874; x_wconf 90' lang='lat'>-</span> 
     </span>
     <span class='ocr_line' id='line_1_35' title="bbox 462 4924 1470 5028; baseline -0.009 -22"><span class='ocrx_word' id='word_1_197' title='bbox 462 4928 625 5028; x_wconf 86' lang='lat' dir='ltr'>Tempus</span> <span class='ocrx_word' id='word_1_198' title='bbox 644 4939 726 5003; x_wconf 86' lang='lat' dir='ltr'>erat</span> <span class='ocrx_word' id='word_1_199' title='bbox 744 4926 937 5020; x_wconf 89' lang='lat' dir='ltr'>(memini)</span> <span class='ocrx_word' id='word_1_200' title='bbox 956 4925 1107 5028; x_wconf 85' lang='lat' dir='ltr'>gen-iter</span> <span class='ocrx_word' id='word_1_201' title='bbox 1125 4924 1360 5016; x_wconf 80' lang='lat' dir='ltr'>dulcissime,</span> <span class='ocrx_word' id='word_1_202' title='bbox 1378 4935 1470 4998; x_wconf 80' lang='lat' dir='ltr'>vota</span> 
     </span>
    </p>

    <p class='ocr_par' dir='ltr' id='par_1_20' title="bbox 568 5030 1257 5116">
     <span class='ocr_line' id='line_1_36' title="bbox 568 5030 1257 5116; baseline -0.009 -5"><span class='ocrx_word' id='word_1_203' title='bbox 568 5035 682 5111; x_wconf 79' lang='lat' dir='ltr'>Irrita</span> <span class='ocrx_word' id='word_1_204' title='bbox 698 5038 790 5116; x_wconf 88' lang='lat' dir='ltr'>dum</span> <span class='ocrx_word' id='word_1_205' title='bbox 808 5035 889 5111; x_wconf 80' lang='lat' dir='ltr'>nati</span> <span class='ocrx_word' id='word_1_206' title='bbox 906 5054 982 5111; x_wconf 85' lang='lat' dir='ltr'>non</span> <span class='ocrx_word' id='word_1_207' title='bbox 1001 5034 1168 5111; x_wconf 88' lang='lat' dir='ltr'>cecidere</span> <span class='ocrx_word' id='word_1_208' title='bbox 1186 5030 1257 5109; x_wconf 89' lang='lat' dir='ltr'>tui.</span> 
     </span>
    </p>
   </div>
   <div class='ocr_carea' id='block_1_7' title="bbox 0 0 2046 6000">
    <p class='ocr_par' dir='ltr' id='par_1_21' title="bbox 0 0 2046 6000">
     <span class='ocr_line' id='line_1_37' title="bbox 0 0 2046 6000; baseline 0 10"><span class='ocrx_word' id='word_1_209' title='bbox 0 0 2046 6000; x_wconf 95' lang='lat' dir='ltr'> </span> 
     </span>
    </p>
   </div>
  </div>
 </body>
</html>
