4084 6000
953 615 1001 690 79

873 730 1082 743 ..-.-.-.---ι

840 873 1053 1041 Elegia
1067 937 1136 1020 11.

344 1155 398 1224 Ad
413 1155 627 1227 Bernardum
644 1151 809 1223 annuis
828 1177 847 1226 e
864 1155 989 1228 sobolis
1018 1157 1103 1244 ptis,
1130 1156 1209 1224 dum
1234 1155 1383 1224 decanus
1409 1171 1467 1224 seu
1496 1155 1607 1225 senior

743 1265 884 1335 instituti
901 1266 1070 1356 salutatur
1093 1257 1203 1332 1823.

399 1431 557 1549 llxaotis
576 1473 733 1548 laudum
751 1473 1027 1565 monumentis,
1044 1472 1220 1548 laudibus
1239 1493 1378 1561 unum,

504 1582 596 1657 (lare
615 1592 742 1680 pater,
760 1581 885 1682 potuit
904 1583 1005 1677 quod
1024 1603 1237 1678 superesse,
1255 1588 1369 1652 tenes,

398 1689 576 1767 Florebas
595 1693 786 1785 quondam
805 1689 939 1765 studiis
958 1687 1241 1780 celeberrimuS,
1261 1697 1371 1786 aptus

503 1797 604 1873 Dum
623 1798 741 1872 oaluit
760 1789 939 1872 membris
958 1795 1187 1896 ingenioque
1204 1794 1327 1894 vigor.

398 1905 615 1997 Pestinum,
633 1930 701 1978 neo
719 1930 794 1979 non
813 1904 1083 2005 Saegedinum,
1103 1927 1145 1976 ao
1163 1901 1283 1978 Vaoia
1300 1901 1432 1992 tellus,

504 2011 729 2088 Alba-simul
748 2011 1050 2112 celebrat-Regia
1067 2019 1230 2107 quantus
1249 2008 1350 2083 orasl

398 2118 564 2194 Pulchra
583 2119 783 2195 senectutis
802 2146 957 2220 carpens
977 2143 1076 2193 nunc
1096 2117 1192 2210 otia,
1209 2118 1380 2207 laudem,

504 2225 610 2317 Quae
627 2228 781 2327 propria
800 2215 857 2302 est
874 2227 1030 2302 summis
1049 2237 1238 2325 tempore,
1257 2224 1356 2298 solus
1375 2223 1501 2298 habes

399 2333 570 2408 Maxima
588 2335 654 2430 qui
670 2335 818 2410 iuvenis
836 2336 977 2410 meruit
996 2333 1194 2434 praeconia
1210 2331 1354 2424 famae,

504 2443 609 2517 Anne
629 2467 764 2534 senex,
783 2444 955 2539 quaeriS,
974 2443 1103 2516 vivere
1122 2440 1240 2540 possit
1257 2440 1388 2513 iners‘l

400 2549 458 2622 An
476 2559 626 2624 tantum
645 2552 812 2646 querulis
832 2562 965 2624 onerat
982 2548 1210 2623 elamoribus
1230 2548 1371 2622 auras?

504 2654 581 2731 Neo
599 2657 670 2730 nisi
688 2658 864 2734 continuo
882 2659 1086 2756 pharmaca
1103 2656 1182 2729 sola
1202 2654 1312 2728 sitit?

399 2764 477 2837 Aut
494 2765 630 2839 metuit
647 2765 852 2839 nummis?
867 2777 934 2839 aut
952 2765 1172 2864 castigando
1190 2762 1372 2853 minores,

505 2871 555 2946 Et
572 2898 641 2946 sua
657 2873 846 2946 laudando
865 2884 1037 2971 tempora
1055 2883 1203 2969 tempus
1223 2867 1333 2969 agit?

400 2978 477 3053 Ah!
498 2980 602 3054 rudis
621 2991 696 3074 est,
717 2980 888 3077 quisquis
907 2989 1057 3055 tantum
1075 2988 1185 3079 putat
1202 2976 1275 3053 ista
1292 2976 1438 3072 valere,

506 3086 580 3177 Qui
598 3089 719 3163 vitam
737 3089 777 3162 in
796 3088 931 3164 studiis
951 3091 1115 3190 duxerat
1133 3097 1238 3178 ante,
1258 3110 1393 3160 senem.

400 3193 489 3287 Ille,
506 3195 614 3269 velut
631 3196 785 3290 Nestor,
804 3197 919 3271 lectas
939 3194 1168 3270 iuvenilibus
1187 3193 1294 3268 annis

505 3301 659 3377 Consilii
677 3330 774 3378 vena
793 3303 911 3378 divite
930 3304 1079 3405 spargit
1096 3328 1195 3402 opes,

401 3406 502 3498 Quas
522 3410 612 3483 olim
630 3411 746 3486 soluit
764 3437 912 3504 mnsaS,
932 3414 1157 3507 quandoque
1176 3410 1337 3500 salutat,

505 3517 701 3592 Interdum
720 3520 882 3593 tremula
900 3517 975 3593 lert
993 3542 1143 3615 quoque
1161 3519 1277 3593 thura
1296 3539 1421 3589 manu.

399 3622 517 3697 Fama
535 3636 592 3699 est
609 3626 734 3700 lustra
746 3629 977 3726 deeemlpost
996 3652 1064 3700 sex
1082 3626 1225 3699 vixisse
1243 3625 1461 3713 Platonem,

413 3821 420 3825 ,
506 3732 611 3807 Tune
631 3757 780 3830 quoque
799 3731 1026 3809 scribentem
1044 3758 1144 3807 mors
1162 3730 1315 3830 inopina
1332 3728 1442 3829 rapit.

403 3836 520 3938 Saepe
538 3840 643 3915 stetit
659 3842 806 3915 iuvenis
825 3841 983 3934 dubius,
1002 3866 1094 3915 mox
1113 3840 1246 3914 laetior
1262 3839 1363 3931 ibat,

507 3945 600 4037 Quis
618 3947 743 4046 potuit
759 3948 884 4023 dubiis
903 3948 1141 4048 expediisse?
1161 3972 1287 4021 senex.

402 4054 606 4154 Desperata
624 4054 698 4130 fnit
715 4082 831 4156 prope
849 4080 908 4130 res
927 4082 1101 4148 romana,
1119 4054 1259 4129 feroces

506 4160 687 4238 Contudit
707 4189 866 4238 annosus
885 4164 1021 4239 Curius
1038 4164 1102 4237 ille
1119 4163 1251 4236 minas

402 4266 486 4343 Non
502 4268 623 4369 igitur
643 4274 778 4347 desunt
796 4271 945 4347 senibus
964 4270 1097 4346 solatia
1114 4270 1235 4363 vitae,

507 4376 542 4453 N
544 4403 604 4471 eo,
623 4403 698 4475 quo
718 4380 932 4455 diminuant
949 4380 1075 4454 taedia
1092 4380 1228 4479 longa,
1246 4376 1363 4452 labor.

403 4482 468 4558 Tu
483 4539 492 4576 ,
507 4485 760 4561 Bernarde
779 4498 941 4586 pater,
960 4513 1075 4583 quam
1094 4485 1145 4560 sit
1161 4486 1325 4561 iucunda
1343 4491 1532 4575 seneotuS,

507 4593 581 4684 (Ne
597 4604 743 4669 veteres
762 4602 985 4684 memorem)
1006 4606 1058 4669 tu
1075 4593 1171 4668 mihi
1189 4592 1293 4668 testis
1312 4592 1395 4667 eris,

403 4700 483 4773 lam
500 4700 597 4776 tibi
614 4701 843 4776 transierant
860 4702 947 4775 deni
964 4726 1080 4800 prope
1099 4701 1157 4777 bis
1176 4710 1310 4798 quater
1328 4698 1436 4790 anni,

508 4808 646 4883 Fronte
665 4813 794 4884 sedent
810 4834 949 4909 rugae,
967 4809 1197 4904 oanitiesque
1216 4806 1347 4906 oomis3

403 4912 486 4989 Non
503 4926 631 4990 tamen
649 4929 706 4992 est
723 4941 880 4992 onerosa
897 4916 1014 5009 tibi,
1033 4941 1129 5013 quae
1147 4915 1293 4992 vivitur
1311 4925 1432 4991 aetas:

507 5022 663 5099 Utiliter
681 5024 781 5141 nosti
799 5026 936 5099 ducere
953 5048 1087 5123 nempe
1105 5024 1193 5099 dies.
