4084 6000
940 621 989 696 13

385 837 458 910 Per
476 834 587 934 iuga,
605 856 672 933 per
688 833 828 925 valles,
846 859 914 934 per
931 834 1122 932 inhospita
1140 846 1273 930 tesqua
1291 837 1464 913 calebant

488 941 660 1017 Plurima
676 941 891 1040 pectoribus
908 953 1000 1016 vota
1017 943 1128 1016 litata
1146 943 1230 1042 piis.

385 1047 496 1140 Quod
514 1049 655 1148 pietas,
674 1050 776 1142 quod
794 1049 919 1148 prisca
934 1047 1051 1141 fides,
1070 1051 1171 1145 quod
1198 1048 1349 1124 iunctus
1368 1053 1490 1126 amori

489 1155 538 1230 Et
556 1156 718 1229 laboret
735 1157 860 1230 cultus
877 1156 1074 1251 multaque
1092 1180 1183 1230 cura
1200 1167 1339 1255 potest,

384 1264 577 1337 Ardebant
595 1286 723 1336 omnes
735 1261 988 1341 concordibus
1005 1264 1142 1337 addere
1160 1262 1270 1337 votis.

490 1369 523 1445 0
541 1369 687 1442 utinam
706 1367 849 1443 fuerint
865 1380 957 1444 vota
974 1372 1135 1469 probata
1152 1369 1267 1468 polis!

384 1474 688 1572 Neequidquaml
706 1474 859 1576 Superis
876 1475 983 1551 aliud
1000 1478 1197 1550 decernere
1214 1476 1341 1550 visum
1360 1489 1426 1553 est.

490 1582 686 1678 Eloquar?
704 1607 754 1656 an
771 1582 909 1658 melius
926 1582 1150 1681 comprimet
1169 1606 1235 1656 ora
1252 1583 1392 1658 dolor?

387 1687 555 1763 Occiditl
572 1689 640 1764 Ille
658 1680 773 1763 decus
790 1689 1016 1789 populorum
1033 1747 1043 1780 ,
1060 1689 1183 1789 gloria
1201 1700 1342 1780 terrae,

489 1797 576 1870 Lux
594 1795 763 1895 generis,
780 1795 867 1870 solii
884 1819 1042 1894 spesque
1061 1795 1235 1891 salusque
1254 1797 1324 1870 sui.

386 1901 486 1975 Hinc
504 1902 701 2002 geminant
716 1904 890 2002 plauctus
908 1904 1040 1993 urbes,
1058 1904 1297 1998 lamentaque
1315 1905 1428 2002 pagi,

489 2007 538 2083 Et
555 2009 695 2107 passim
713 2008 879 2083 lacrimis
898 2009 1037 2109 oppida
1055 2020 1192 2083 cuncta
1210 2011 1373 2085 madent.

385 2114 484 2188 Hinc
502 2115 656 2191 moestis
673 2128 796 2190 turres
813 2127 989 2190 resonant
1006 2115 1271 2215 clangoribus,
1288 2127 1370 2190 ater

488 2222 666 2321 Mortales
683 2222 869 2323 trepidos,
887 2222 1104 2321 templaque
1121 2223 1247 2297 luctus
1264 2223 1390 2297 habet.

385 2326 552 2420 Occidit,
571 2329 830 2430 ingeminant,
848 2353 975 2404 caesar
991 2328 1310 2403 Francis'cusl
1329 2334 1488 2406 acerbus

488 2436 580 2510 Mox
598 2447 756 2510 renovat
772 2435 886 2511 toties
902 2436 1063 2510 vulnera
1080 2459 1193 2510 saeva
1210 2437 1327 2512 dolor.

384 2539 460 2632 Nec
477 2544 632 2636 modus,
650 2555 717 2617 aut
734 2542 834 2617 iusto
851 2541 1015 2617 maerori
1033 2552 1135 2617 meta
1152 2541 1334 2641 supersit:

489 2648 678 2750 Fungitor
694 2649 820 2724 officio
839 2663 883 2724 tn
901 2673 1050 2745 quoque
1070 2672 1178 2724 musa
1195 2651 1269 2747 pio.

384 2755 501 2830 Indue
521 2753 676 2848 ferales,
694 2755 926 2832 monimenta
942 2755 1102 2846 doloris,
1120 2753 1304 2846 amictus,

487 2863 537 2938 Et
553 2863 654 2937 circa
672 2861 834 2937 frontem
850 2864 953 2936 lenta
969 2885 1167 2960 cupressus
1186 2873 1266 2936 eat„

384 2966 537 3060 Quaeve
555 2969 676 3046 trahis
694 2971 877 3070 plangens
893 2969 1003 3044 reflui
1023 2966 1186 3068 suspiria
1202 2969 1348 3061 luctus,
1375 3020 1376 3025 ,

488 3077 578 3169 Eia,
597 3103 688 3177 age,
706 3076 863 3152 funerea
880 3101 994 3177 perge
1014 3076 1111 3150 ciere
1131 3075 1266 3177 chelyl

654 3396 850 3478 Franciscus
868 3394 1069 3496 belligerans
1087 3398 1123 3475 ct
1143 3394 1262 3475 vietor.
1335 3503 1338 3508 Ι

383 3612 415 3688 Ο
433 3613 530 3687 mihi
548 3612 723 3687 divinum
741 3603 773 3687 si
791 3614 904 3687 donet
921 3610 1052 3712 pectus
1071 3611 1224 3710 Apollo,

489 3719 529 3796 Si
548 3721 679 3793 doceat
697 3718 982 3819 parvismagna
1001 3742 1133 3792 sonare
1152 3718 1292 3791 modis!

383 3827 537 3901 Insanos
554 3825 687 3901 Martis
705 3850 880 3926 cuperem
899 3848 1108 3900 memorare
1127 3821 1293 3915 furores,

486 3931 640 4023 Quaeve
659 3933 970 4008 tot-abstulerant
987 3930 1067 4005 fata
1086 3930 1246 4005 dolenda
1264 3930 1379 4005 viros.

383 4038 535 4115 Scilicet
552 4040 607 4113 bic
625 4040 765 4115 meruit
782 4038 1172 4139 dignissima-caesare
1190 4036 1320 4111 virtus
1353 4075 1372 4094 ·=

487 4147 646 4247 Ignibus
663 4146 704 4221 iu
721 4147 856 4221 mediis
874 4144 998 4245 prima
1015 4156 1172 4242 tropaea
1189 4142 1273 4217 sibi.

383 4252 569 4353 Tempora
587 4265 693 4328 erant
710 4254 882 4352 perculsa
899 4262 1026 4342 meta,
1045 4248 1202 4325 confusa
1219 4252 1409 4342 tumultu,

487 4360 536 4434 Et
552 4362 660 4434 velut
676 4360 773 4434 irato
791 4385 867 4432 non
884 4362 979 4433 bene
996 4367 1082 4431 tuta
1099 4357 1206 4431 mari.

382 4466 506 4543 Gallia
523 4478 604 4541 tota
622 4466 749 4540 furens
767 4491 810 4540 ac
829 4466 870 4540 in
888 4490 957 4539 sua
974 4465 1121 4538 viscera
1139 4488 1270 4555 saeva,

487 4573 641 4648 Miscuit
658 4574 838 4648 extremis
857 4571 972 4647 obvia
990 4582 1127 4645 cuncta
1144 4571 1265 4644 malis.

382 4682 537 4777 Iamque
555 4705 622 4755 suo
640 4678 777 4754 infelix
795 4680 943 4754 tumulo
960 4677 1088 4752 vicina
1107 4676 1284 4776 perisset,

488 4787 564 4862 Nec
581 4812 689 4887 prece
707 4811 775 4861 nec
793 4786 915 4885 pretio
933 4808 1001 4858 nec
1018 4785 1237 4859 redimenda
1255 4809 1390 4858 manu:

384 4892 424 4968 Si
442 4920 517 4968 non
534 4894 853 4969 Franciscum
872 4916 1077 4993 generosus
1096 4890 1259 4965 concitet
1276 4893 1407 4983 ardor,

487 5001 655 5076 Reddere
673 5001 846 5100 legitimo
864 4997 1025 5099 pristina
1043 4997 1127 5072 iura
1146 4998 1239 5071 loco.
