4084 6000
837 1049 1039 1154 Elegia
1066 1051 1161 1135 Χμ

363 1253 414 1322 Ac
441 1253 599 1323 Ioannem
620 1254 712 1342 Bopt.
732 1261 911 1334 crossen
928 1256 1065 1324 insolito
1084 1261 1231 1324 uotorum
1249 1257 1466 1326 consensione
1486 1257 1629 1344 proclu-
1665 1269 1671 1284 ‘

364 1377 481 1446 etalem
507 1376 699 1448 scholarem
723 1379 858 1464 piorum
875 1380 911 1448 in
930 1379 1080 1465 capitolo
1102 1373 1304 1465 provenerat·
1327 1383 1470 1466 mimum
1490 1382 1654 1451 electurus

692 1495 696 1502 ’
896 1542 900 1551 ·
938 1500 1047 1570 1832.

417 1652 516 1768 cura
534 1718 665 1770 sumus
683 1697 806 1770 coelo:
826 1698 981 1795 plausus
996 1697 1190 1798 ‘geminate
1209 1699 1373 1789 sodales,

521 1802 569 1876 Et
587 1805 673 1878 date
690 1804 831 1879 votivis
849 1805 964 1879 thura
982 1807 1182 1880 cremanda
1200 1802 1310 1880 focis!

417 1900 675 1984 Monstrarunt
692 1912 839 2011 superi,
857 1913 991 1986 viduas
1010 1939 1107 2009 quae
1125 1915 1283 2012 prendat
1301 1913 1488 2006 habenae,

522 2017 626 2108 Quae
644 2018 760 2094 siccet
778 2021 942 2095 lacrimis
957 2046 1025 2094 ora
1041 2022 1188 2121 rigata,
1207 2045 1372 2095 manum.

418 2125 625 2218 LuximuS,
642 2126 764 2200 adnisi
780 2131 874 2202 fletu
891 2140 1047 2202 tenuare
1067 2131 1254 2221 dolorem,

523 2234 857 2326 Bolla,‘tuorum
876 2237 988 2310 avido
1007 2261 1094 2310 eum
1113 2261 1285 2336 raperere
1304 2238 1399 2311 sinu.

418 2339 555 2436 Ecquis
575 2342 666 2433 erit,
682 2343 847 2442 gemitus
864 2344 963 2418 iuter
979 2343 1249 2436 clamavimus,
1268 2348 1399 2420 orbam

523 2447 727 2542 Nauclero,
744 2451 860 2526 simili
879 2453 945 2547 qui
963 2464 1072 2552 regat
1090 2463 1189 2543 arte,
1208 2455 1357 2526 ratem?

420 2555 576 2631 Viderat
594 2556 645 2649 is,
663 2558 817 2632 iamiam
837 2583 1011 2657 suprema
1030 2572 1138 2634 nocte
1155 2562 1401 2659 premendus,

523 2663 628 2754 Quae
645 2676 771 2739 teneat
788 2677 957 2740 nostrum
976 2666 1189 2740 sollicitudo
1208 2678 1339 2765 caput,

420 2770 575 2871 Colligit
592 2782 782 2846 extremas
800 2775 919 2866 vires,
937 2785 975 2848 et
993 2799 1086 2847 uoce
1104 2784 1277 2872 paterna:

525 2877 628 2971 „Nou
649 2892 724 2972 est,
742 2884 844 2975 quod
863 2883 1000 2955 laceret
1017 2893 1170 2980 pectora
1188 2891 1315 2954 vestra
1334 2882 1450 2956 dolor.

420 2985 554 3063 Nostra
570 3001 696 3062 manet
713 2989 841 3081 vobis,
860 2988 1002 3085 iuquit,
1020 3014 1204 3089 propensa
1222 2990 1419 3081 voluntas,

524 3095 572 3169 Et-
590 3097 723 3170 dubios
742 3096 878 3171 animis
889 3111 985 3195 apta
1004 3096 1139 3197 fugare
1158 3096 1283 3171 Notos.

420 3204 653 3294 Dummodo,
672 3228 768 3299 quae
787 3216 933 3279 vestrae
953 3204 1076 3279 suerat
1095 3205 1189 3279 mihi
1209 3228 1300 3279 cura
1317 3205 1471 3297 salutis,
1563 3208 1565 3213 ’

524 3310 661 3384 Vestra
679 3338 762 3387 meo
780 3323 869 3385 voto
887 3312 1044 3413 iungere
1063 3324 1154 3385 vota
1173 3317 1321 3408 queat.“

420 3419 508 3510 llla,
528 3418 581 3516 pii
598 3427 742 3516 patres,
761 3424 913 3493 tandem
931 3422 1001 3494 lux
1021 3420 1121 3495 alma
1140 3420 1305 3511 refulsit,

526 3524 632 3615 Quae
649 3528 766 3601 sociat
782 3552 885 3601 nexu
903 3529 1062 3603 candida
1079 3539 1169 3602 vota
1188 3552 1301 3601 sacro.

423 3634 537 3725 Vota,
554 3644 660 3731 patre
679 3636 839 3726 orbatis,
856 3635 1047 3734 placidum
1067 3636 1246 3709 donantis
1264 3645 1438 3735 patrem,

525 3742 684 3816 Publica
700 3767 813 3837 quem
832 3744 974 3841 pariter
991 3768 1144 3837 voxque
1155 3740 1331 3837 Deosque
1351 3746 1522 3840 probant.

422 3845 495 3936 Qui
514 3847 652 3923 sitnon
670 3849 759 3924 ficto
778 3852 999 3949 complexus
1016 3876 1142 3923 amore
1162 3851 1328 3940 sodales,

527 3954 722 4052 Quemque
742 3958 876 4031 horum
897 3980 1043 4055 semper
1061 3969 1215 4031 mutuus
1234 3956 1328 4029 ussit
1347 3980 1461 4033 amor.

423 4062 574 4137 Foverit
590 4064 742 4138 illorum
760 4089 953 4160 nunquam
972 4090 1045 4140 non
1064 4088 1203 4163 pronus
1222 4064 1422 4157 honorem,

526 4169 702 4272 Egregiis
720 4171 959 4267 factisqucm
978 4196 1153 4271 peperere
1171 4172 1252 4246 sibi.

424 4280 546 4352 Aurea
564 4303 681 4375 quem,
695 4279 849 4380 linguae
867 4282 1103 4354 commendet
1120 4281 1255 4376 suada,
1275 4304 1360 4373 nec,
1381 4284 1506 4381 ampla

527 4384 650 4476 Quam
668 4388 716 4461 sit
733 4388 923 4477 doctriua,
943 4387 1137 4487 relligione
1156 4387 1287 4461 minor.

423 4492 471 4567 Et
489 4505 667 4569 moveant
686 4492 834 4570 facilem
851 4496 1032 4593 pallentia
1050 4492 1228 4595 supplicis
1246 4518 1332 4591 ora,

528 4599 629 4692 Quin
646 4613 771 4677 tamen
791 4626 814 4675 a
831 4602 929 4675 iusto
948 4602 1097 4676 tramite
1115 4604 1242 4677 flectat
1260 4602 1340 4675 iter.

424 4705 592 4803 Quique,
611 4710 829 4784 catus=velis
847 4710 1044 4810 Zephyros
1062 4721 1211 4809 captare
1231 4707 1419 4801 faventes,

530 4816 724 4893 Fluctibus
740 4816 905 4891 immites
922 4828 1028 4890 tutus
1045 4818 1162 4891 ararit
1179 4840 1305 4911 aquas,

427 4922 522 5015 Nec,
540 4924 715 5019 quamvis
731 4924 838 5023 picea
855 4924 956 4997 velet
973 4922 1166 5025 ferrugine
1184 4924 1328 4999 coelum
1447 4923 1450 4931 ’

532 5033 683 5125 Auster,
702 5042 741 5106 et
758 5031 939 5107 attonitae
958 5054 1115 5130 spesque
1134 5030 1307 5125 salusque
1327 5031 1471 5211 labequt:
