4084 6000
1081 551 1129 626 78

472 790 474 795 ·
533 764 593 840 Sic
611 773 680 840 est.
700 763 793 838 Visa
809 764 962 860 loquor:
981 765 1130 838 coelesti
1148 766 1233 839 sede
1251 773 1442 864 receptum
1460 775 1516 839 est

634 871 811 964 Sacrum,
829 873 931 968 quod
947 872 1112 971 primum
1131 883 1316 947 marmata
1332 882 1433 944 terra
1452 873 1566 946 dedit.
1639 955 1642 964 ⁶

528 977 629 1070 Quid
646 981 757 1053 modo
775 1004 849 1053 non
867 1005 1013 1079 sperem
1031 980 1100 1054 tali
1117 990 1306 1055 recreatus
1325 977 1489 1074 honore,

627 1085 746 1172 ,Nulla
763 1086 858 1160 mihi
875 1087 1026 1182 qualem
1045 1113 1128 1187 spes
1147 1085 1221 1161 fuit
1239 1111 1331 1163 ausa
1349 1088 1471 1163 dare?

528 1195 646 1290 Atqui
664 1194 740 1267 iam
757 1193 914 1293 posthac
932 1202 1039 1285 (nam
1058 1221 1207 1270 sacrum
1226 1193 1326 1270 farre
1345 1220 1524 1292 meroque

634 1301 814 1376 Oblatum
834 1311 908 1393 est)
927 1329 1105 1402 superum
1125 1305 1221 1376 dona
1239 1312 1372 1401 parata
1390 1303 1527 1404 legam.

529 1407 699 1484 Undabit
715 1409 823 1482 flavis
841 1435 908 1509 per
926 1422 1073 1487 nostros
1092 1409 1221 1510 messis
1241 1409 1365 1485 aristis

634 1518 777 1618 Agros,
796 1526 907 1618 terga
924 1518 1011 1592 licet
1029 1543 1180 1592 vomere
1199 1543 1307 1592 nemo
1325 1527 1441 1618 petat.

529 1625 699 1701 Bacchus
717 1625 934 1723 pampineas
953 1651 1028 1701 non
1046 1626 1123 1700 iam
1141 1625 1236 1700 mihi
1254 1626 1453 1701 subtrahet
1471 1653 1585 1720 uvae,

631 1733 729 1806 Hinc
749 1757 897 1828 quoque
916 1759 983 1807 neo
1001 1733 1091 1808 vitis
1110 1744 1190 1806 tam
1207 1733 1340 1831 procul
1358 1733 1478 1807 omnis
1498 1734 1579 1809 erit.

529 1838 730 1914 Hactenus.
757 1840 854 1925 Hinc
872 1841 1012 1939 patulis
1030 1841 1185 1940 genium
1206 1841 1467 1940 complectitur
1485 1841 1583 1915 ulnis

635 1947 836 2046 CarpatuS,
855 1948 1018 2022 exiliunt
1035 1949 1116 2040 Ita,
1136 1947 1306 2023 Tibiscus
1326 1947 1444 2044 aquis.

530 2055 579 2131 01
598 2055 779 2147 nimium,
797 2055 1029 2155 Caspare,
1046 2056 1124 2132 Deo
1144 2055 1210 2151 qui
1228 2055 1351 2129 iudice
1370 2053 1463 2129 felix

533 2236 537 2241 .
633 2161 795 2254 Diceris,
813 2162 906 2237 haec
925 2165 1021 2237 inter
1038 2164 1123 2258 quis
1143 2161 1214 2236 tibi
1233 2187 1361 2238 sensus
1379 2162 1506 2238 inest?

531 2269 606 2360 Qui
624 2269 695 2343 tibi
714 2271 905 2369 subponis
924 2270 1092 2371 gliscunt
1109 2268 1364 2368 penetralibus
1383 2269 1490 2370 ignes

635 2376 796 2452 Cordis‘?
817 2403 909 2473 quos
929 2378 1068 2452 summi
1086 2377 1250 2451 numinis
1270 2379 1383 2451 ardor
1401 2377 1480 2452 alit.

528 2484 675 2573 Gaudia
693 2510 814 2559 nonne
832 2497 899 2558 tuo
919 2488 989 2561 sub
1007 2491 1156 2584 pectore
1175 2495 1299 2558 eastra
1317 2484 1509 2577 locarunt,

633 2590 779 2669 Gaudia
798 2618 873 2666 non
890 2593 969 2666 nlla
986 2591 1240 2691 praeteritura
1258 2591 1349 2665 dio‘?

530 2699 579 2773 Et
598 2698 753 2773 merito:
771 2697 843 2775 tibi
860 2725 948 2773 nam
967 2701 1122 2801 grandis
1141 2700 1246 2789 venit
1264 2698 1337 2772 illa·
1349 2698 1543 2799 voluptaS,

636 2806 790 2882 Conscia
808 2831 903 2903 quae
922 2833 1100 2907 superum
1119 2807 1287 2881 sensibus
1306 2831 1385 2880 esse
1403 2808 1507 2882 solet.

529 2913 609 2989 Vix
627 2916 752 2987 adstas
772 2915 867 3008 aris,
884 2911 1122 3013 loquerisque
1141 2913 1308 3014 potentia
1324 2916 1464 3007 verba,

548 3028 551 3033 ’
634 3021 710 3096 Nec
728 3048 852 3115 mora,
871 3037 1105 3122 praesentem
1123 3023 1283 3098 sustinet
1301 3047 1365 3097 ara
1383 3023 1516 3097 Deum.

399 3178 402 3184 ·
531 3131 597 3206 Ille
617 3140 725 3222 tuas,
744 3130 880 3205 humili
898 3156 991 3226 quas
1010 3128 1136 3206 fundis
1155 3130 1265 3205 corde
1284 3132 1475 3223 sacerdos,

634 3236 787 3336 Excipit
804 3250 842 3313 et
859 3262 976 3313 vanas
994 3264 1069 3313 non
1082 3234 1177 3312 'sinit
1195 3264 1273 3313 esse
1292 3238 1428 3337 preces.
1556 3284 1558 3291 ·

530 3345 631 3446 Ergo
651 3355 689 3419 te
706 3344 871 3444 patriae,
890 3345 1013 3446 regis,
1031 3370 1308 3443 memoremque
1326 3354 1528 3445 parentum
1570 3419 1572 3424 .

637 3453 774 3547 Audit,
793 3478 923 3556 amans
941 3454 1040 3528 votis
1059 3456 1194 3530 dexter
1212 3456 1341 3528 adesse
1359 3452 1446 3527 tuis

532 3560 651 3637 Audit
668 3571 758 3634 vota
777 3586 882 3635 sacro
900 3586 968 3660 pro
987 3563 1177 3661 praesule,
1194 3586 1340 3660 proque
1355 3560 1505 3660 piorum

638 3666 776 3742 Ordine
795 3668 881 3743 fusa
896 3680 1071 3769 patrum,
1088 3693 1230 3769 proque
1249 3669 1403 3749 cohorte
1420 3668 1581 3742 scholae.

533 3775 671 3851 Audiet
690 3786 728 3849 et
745 3802 813 3876 pro
832 3803 912 3869 me,
932 3777 964 3851 si
982 3775 1118 3851 fundas
1137 3780 1258 3873 (quod
1274 3773 1387 3877 rogo)
1406 3774 1511 3858 cuius
1544 3791 1546 3797 ’

641 3882 769 3978 Musa,
787 3883 858 3959 tibi
877 3884 971 3958 haec
988 3884 1116 3959 fausta
1132 3885 1215 3959 luce
1233 3884 1415 3977 micante,
1434 3882 1545 3956 canit.
