4084 6000
914 669 983 742 161

323 879 523 976 Horrebit3
542 905 661 980 rugae
680 882 809 979 procul
827 894 865 954 et
883 881 1014 979 procul
1034 907 1143 954 omne
1162 882 1299 955 doloris

324 986 535 1059 Monstrum
554 989 695 1083 aberit3
714 990 825 1086 pleno
843 988 1023 1062 residebit
1042 987 1209 1088 Cynthia
1229 991 1349 1062 vultu.

429 1093 586 1195 Saepius
603 1095 696 1170 haec
716 1096 814 1175 inter
831 1094 994 1194 vigilans
1012 1107 1079 1170 tua
1097 1120 1191 1168 cura
1207 1097 1361 1194 capillos

323 1199 372 1272 Et
389 1200 526 1273 barbas
543 1200 643 1274 iusta
660 1213 870 1299 compescet
886 1199 1036 1297 forfice3
1054 1213 1176 1276 vestes

263 1308 264 1311 ’
323 1305 473 1406 Diriget
491 1305 693 1401 incomtas;
711 1308 838 1382 verbis
857 1320 894 1382 et
912 1306 1037 1381 fronte
1055 1332 1184 1382 severa

322 1412 396 1487 Ore
414 1423 542 1488 tamen
559 1415 751 1488 modicum
770 1415 914 1488 ridente
933 1417 1135 1514 redarguet
1153 1437 1303 1505 omnes,

321 1517 438 1608 Queis
454 1518 609 1593 iuvenes
626 1520 787 1619 passim,
805 1522 910 1617 queis
927 1531 1243 1620 tempora-nostra
1262 1531 1458 1613 notantur,
1512 1559 1517 1568 ·

320 1625 471 1725 Culpas.
490 1625 676 1701 Adveniet
695 1626 820 1701 forsan
838 1627 926 1723 quis
944 1627 1151 1728 languidus
1171 1653 1254 1718 ore,

321 1732 398 1805 Aut
414 1732 615 1825 membris,
633 1735 901 1829 stomachoque
920 1735 1040 1826 mala,
1061 1746 1260 1833 pascetque
1280 1734 1412 1807 salutis

321 1839 437 1914 Totus
456 1841 597 1938 opem?
616 1865 715 1914 nunc
733 1865 832 1914 nunc
851 1844 947 1914 bone
967 1841 1074 1914 nobis
1093 1841 1246 1915 Phoebe
1267 1840 1410 1914 l'avctol

319 1944 423 2035 Quid
441 1945 613 2020 Charites
630 1947 795 2045 possint,
813 1947 907 2043 quid
925 1972 1053 2039 amor,
1072 1940 1164 2043 quid
1183 1959 1331 2046 promta
1349 1949 1526 2022 volunta-s
1600 2039 1601 2046 ἵ

321 2051 393 2126 Hic
412 2052 551 2127 vidisse
569 2053 668 2128 licet.
687 2053 870 2128 Accedis‘?
889 2053 982 2127 sella
999 2066 1133 2153 parata
1151 2065 1217 2128 est.

318 2158 417 2233 Tum
435 2160 585 2234 blandis
602 2161 747 2234 verbis:
767 2161 853 2255 quis
872 2161 1065 2260 languor?
1085 2186 1182 2256 quae
1200 2162 1526 2256 mala-torquent?

317 2264 496 2359 Quaerit,
516 2265 602 2360 quis
620 2267 867 2363 stomachus?
885 2293 983 2363 quae
1002 2265 1175 2342 somnia‘l
1194 2281 1360 2364 tempore
1380 2272 1551 2368 quanto?

320 2372 418 2445 Hem
437 2372 513 2446 satl
533 2398 625 2447 mox
645 2375 793 2466 clance,
811 2398 903 2450 mox
923 2373 1062 2447 scrinia
1080 2374 1254 2474 dispicit:
1270 2375 1372 2448 ecce!

318 2478 477 2551 Librum
496 2476 592 2553 forte
610 2492 739 2579 putes,
759 2482 825 2554 sed
842 2481 944 2555 enim
961 2480 1039 2554 cito
1059 2479 1219 2576 falleris,
1238 2478 1352 2555 isthic

316 2585 502 2659 Centenas
521 2586 651 2659 videas
669 2587 856 2679 minimis,
873 2587 970 2661 mihi
988 2589 1117 2678 crede,
1136 2588 1291 2686 lagenas
1327 2591 1329 2598 ’

318 2691 449 2787 Usque
466 2717 594 2790 pares:
615 2693 707 2788 quid
726 2695 842 2767 tum?
863 2694 1016 2767 millena
1035 2719 1244 2793 papavera,
1264 2693 1394 2766 dices?
1424 2719 1427 2727 ⁴
1504 2725 1508 2738 ·
1544 2729 1546 2734 κ

315 2796 380 2871 Nil
398 2797 543 2873 minus:
563 2799 625 2872 hic
643 2800 786 2891 virtuS,
807 2800 869 2873 hic
888 2800 947 2872 vis
966 2823 1081 2898 prope
1098 2799 1236 2873 coelica
1255 2801 1317 2873 vel
1335 2800 1434 2898 plus„

313 2905 456 2996 Crede,
474 2906 611 2998 velim,
630 2931 721 2979 mcx
742 2931 870 2998 sume,
890 2931 1040 3006 precor:
1060 2907 1135 2980 iam
1155 2918 1257 2980 certa
1276 2906 1408 2980 salutis

314 3012 484 3111 Pignora
501 3013 639 3109 habes,
660 3026 828 3112 superest
845 3026 883 3087 te
901 3015 1023 3090 dicere
1043 3014 1113 3088 rite
1131 3015 1331 3089 valentem.
1377 3044 1380 3051 ’
1503 3032 1506 3039 ·

426 3118 485 3194 Sic
503 3120 636 3194 lusisse
654 3120 774 3195 iuvat.
794 3119 990 3216 Quidquid
1008 3120 1077 3213 sit,
1095 3120 1244 3220 praeses
1264 3133 1412 3195 amatus

315 3225 369 3300 Et
386 3219 488 3300 valet
505 3238 544 3300 et
561 3226 678 3301 vivit:
698 3251 764 3301 nos
783 3243 933 3301 carmen
951 3227 1128 3301 vovimus
1147 3254 1244 3301 anno

313 3332 547 3407 Praeterito:
566 3333 647 3407 voti
666 3335 863 3408 damnatos
882 3334 984 3425 iure,
1003 3334 1139 3427 Salesi,

313 3439 500 3514 Promissi
517 3440 755 3514 immemores
774 3439 914 3539 carpas
944 3440 1026 3515 Sint
1045 3442 1118 3515 ista
1135 3462 1314 3541 perennes

314 3545 506 3620 Solventis
526 3560 653 3645 grates
672 3547 788 3621 animi
807 3549 1053 3641 documenta,
1073 3547 1193 3622 futuri
1309 3539 1311 3543 ⁴

316 3652 411 3750 Spes
430 3678 505 3726 non
523 3678 644 3745 vana,
662 3654 753 3727 olim
771 3655 956 3727 condendi
974 3654 1171 3746 carminis,
1189 3656 1289 3727 unde

314 3758 407 3833 Rite
425 3759 531 3857 pium
552 3760 676 3852 dicas,
694 3773 847 3860 gratum
866 3786 1036 3855 quoque:
1055 3762 1378 3855 quando'tuorum

314 3864 533 3940 Sollicitum
552 3878 720 3965 patrem,
739 3868 861 3941 multo
882 3866 1030 3966 fulgore
1048 3890 1245 3941 coruscum

311 3972 516 4047 Virtutum
537 3974 732 4073 exemplar
748 3985 851 4048 totus
870 3974 1114 4047 venerabitur
1133 3975 1234 4046 orde.
