4084 6000
975 635 1261 760 ..m

504 850 548 925 In
567 859 604 924 te
623 849 829 944 virtutum,
847 851 953 949 queis
971 849 1116 950 fulges,
1138 851 1205 929 illa
1223 862 1412 930 catervam

608 957 739 1051 Ducit,
758 970 795 1032 et
813 969 869 1033 est
885 957 987 1033 vitae
1005 959 1123 1058 digna
1140 960 1321 1060 magistra
1338 971 1437 1039 tuae.

505 1063 608 1142 Haec
625 1063 715 1141 facit
732 1064 772 1140 in
789 1091 941 1165 superos
959 1065 1057 1140 nulli
1075 1066 1212 1166 pietate
1231 1072 1455 1164 secundum,

609 1171 729 1249 Urens
747 1174 876 1249 divino
895 1184 1023 1273 pectus
1042 1166 1167 1250 amore
1185 1170 1305 1251 tuum.

505 1277 608 1356 Haec
626 1280 770 1380 patriae
788 1282 922 1357 retinet
939 1283 1086 1374 studio,
1104 1282 1277 1382 regisque
1296 1283 1472 1383 benigni,

608 1388 710 1481 Quos
728 1389 818 1463 colis
837 1389 1048 1485 obsequiis,
1066 1390 1304 1487 consiliisque
1323 1392 1409 1467 tuis

497 1493 608 1570 ¹Haec
627 1495 718 1571 facit
736 1496 970 1588 innumeroS,
989 1497 1094 1593 queis
1113 1523 1191 1572 sors
1211 1497 1369 1574 insultat
1387 1502 1541 1597 acerba,

609 1603 661 1678 Ut
678 1617 826 1705 promta
844 1605 1005 1697 releves,
1024 1605 1172 1704 praesul
1191 1618 1333 1699 amate,
1352 1632 1478 1682 manu.

504 1708 664 1810 Tempus
683 1724 783 1804 erat,
801 1737 876 1807 quc
894 1715 1048 1786 flamma
1073 1739 1215 1806 vorax,
1234 1715 1489 1790 animantibus
1508 1714 1625 1807 curis,

609 1818 833 1917 Supremum
850 1832 906 1895 est
922 1820 1097 1896 Coloozae
1115 1821 1198 1894 visa
1215 1847 1348 1920 parare
1367 1821 1479 1896 diem.

505 1923 630 2000 Eheu!
650 1951 765 2022 quam
781 1927 913 2026 rapido
931 1930 1125 2003 certabant
1143 1930 1293 2004 flamine
1312 1930 1436 2021 venti,

607 2034 770 2109 Vulcani
787 2035 910 2110 rabies
928 2060 1042 2131 quam
1060 2036 1272 2112 truculenta
1290 2035 1383 2112 fuit!

507 2139 619 2216 Ortus
639 2153 720 2217 erat
736 2143 949 2239 clamorque
966 2142 1112 2234 virum,
1131 2155 1370 2239 matrumque
1389 2143 1575 2236 ululatus,

608 2248 668 2323 Ex
685 2251 803 2323 oculis
822 2251 940 2324 salsae
958 2250 1182 2348 prosiluistis
1201 2276 1331 2350 aquae.

504 2351 605 2444 Quid
622 2367 750 2430 tamen
766 2356 838 2433 ista
856 2358 1018 2432 iuvant?
1040 2357 1208 2450 fumum,
1227 2359 1442 2453 cineresque
1461 2357 1589 2432 videre
1607 2366 1681 2448 est,

614 2462 697 2555 Qua
715 2467 840 2540 stabat
856 2465 1029 2549 domibus
1048 2475 1172 2540 comta
1189 2468 1313 2564 platea
1331 2466 1444 2565 prius.
1493 2504 1495 2510 ‚
1540 2481 1541 2486 ’

503 2571 636 2646 Flebat
653 2584 773 2646 mater
791 2597 941 2665 amans,
959 2599 1046 2665 neo,
1066 2596 1139 2668 quo
1159 2585 1382 2672 pascatque,
1401 2582 1603 2672 tegatque,

609 2678 703 2772 Neo,
723 2704 797 2775 quo
816 2679 969 2754 reclinet
987 2680 1145 2780 pignora
1163 2706 1269 2773 cara,
1288 2681 1400 2756 videt.

504 2785 579 2862 Nec
598 2788 675 2862 iam
692 2790 781 2861 flere
799 2789 926 2861 valent
944 2779 1099 2862 miserae
1119 2800 1331 2885 matresque
1350 2786 1520 2881 virique,

609 2894 788 2995 Singultu
805 2894 976 2970 lacrimas
995 2886 1220 2996 impediente
1238 2921 1386 2997 graves.

504 3003 577 3078 Sed
594 3029 710 3104 prope
728 3006 943 3102 desperant,
961 3015 1081 3078 terras
1099 3005 1293 3101 vitamque
1311 3002 1445 3103 perosi.

609 3110 744 3186 Omnia
761 3112 792 3184 si
809 3115 961 3210 perdat,
979 3138 1092 3207 quem
1111 3136 1300 3211 superesse
1319 3112 1452 3186 iuvet‘.l

503 3216 586 3292 Non
604 3211 693 3296 tulit
710 3219 807 3293 hano
826 3221 985 3319 speciem
1004 3219 1126 3293 virtus
1144 3231 1230 3312 tua,
1248 3219 1415 3294 maxime
1433 3218 1602 3317 praesul,

608 3326 655 3400 Et
673 3338 848 3426 properat
865 3336 1172 3427 maestotergere
1191 3330 1240 3401 'ab
1258 3327 1377 3403 imbre
1397 3349 1523 3427 genae.
1562 3378 1564 3383 -

501 3434 619 3507 Instat
637 3445 675 3507 et
693 3433 873 3533 exemplis
891 3435 1011 3507 maior
1023 3435 1273 3527 mortalibus
1290 3435 1380 3535 ipsis
1494 3448 1500 3467 ·

607 3540 739 3615 Enixis
758 3543 931 3641 precibus
949 3541 1083 3615 nititur
1101 3568 1179 3617 esse
1198 3543 1310 3641 prior.
1367 3547 1369 3549 ’

502 3650 603 3725 Pane
622 3651 749 3724 domat
766 3649 1004 3749 rigidamque
1024 3648 1183 3743 famem,
1201 3652 1398 3746 vitamque
1415 3658 1602 3745 moratur3

608 3756 702 3831 Aere
721 3756 834 3857 gravi
851 3757 958 3831 tectis
977 3758 1161 3853 squallida
1179 3756 1430 3857 busterfugat.

501 3863 577 3940 Neo
596 3865 705 3939 satis:
726 3862 884 3942 afflictos
902 3865 1000 3942 inter
1017 3866 1179 3964 suspiria
1198 3868 1400 3956 lustrem„
1480 3936 1482 3941 .

607 3971 690 4064 Quo
709 3982 870 4065 recreet,
890 3972 1007 4047 tantis
1027 3974 1197 4074 aggemit
1215 3974 1297 4072 ipsa
1315 3971 1434 4048 malis

502 4080 553 4156 Te
572 4105 745 4172 rursum,
762 4082 931 4179 praesul,
949 4081 1019 4155 tali
1036 4081 1180 4156 virtute
1199 4104 1418 4171 coruscum,

607 4185 731 4278 Quam
749 4189 858 4262 dulce
876 4198 932 4262 est
950 4188 1087 4287 cupido
1105 4213 1255 4263 cernere
1273 4212 1378 4286 posse
1397 4186 1526 4289 gregi!

500 4294 773 4390 Munificasque
791 4320 925 4369 manus
943 4295 1063 4395 gratis
1082 4296 1200 4371 libare
1219 4295 1386 4390 labellis,

605 4404 729 4498 Atque
749 4402 824 4475 oris
843 4427 966 4476 sacros
985 4428 1074 4475 aure
1092 4402 1231 4477 bibisse
1251 4428 1372 4477 sonos
1487 4424 1493 4431 ’

503 4510 674 4587 Osalve!
694 4520 731 4583 et
748 4510 930 4583 revehens
950 4521 1077 4586 tecum
1095 4510 1235 4585 solatia·
1247 4510 1412 4601 eunctis,
1434 4558 1436 4565 -

519 4612 523 4618 ’
607 4616 781 4717 Spargite
799 4617 1007 4709 virtutum,
1028 4619 1092 4691 sed
1111 4617 1188 4692 sine
1208 4618 1304 4712 fine,
1323 4618 1443 4693 iubar.
1532 4662 1535 4669 .

973 4948 1183 4961 ’.νοω-..ἡκ
