4084 6000
889 1143 1089 1250 Elegia
1117 1145 1261 1232 Vm.

441 1317 603 1440 Mcmcrr‘c
639 1367 776 1440 llrcmce
804 1360 1013 1445 NiDASDY,
1042 1370 1135 1438 crois
1160 1367 1319 1440 badensis
1343 1366 1512 1454 quondam
1537 1370 1706 1458 praefecti

1024 1487 1134 1560 1830.
1234 1503 1239 1518 ⁴

492 1643 675 1786 Ntdasdy
691 1685 883 1780 quondam
899 1683 1072 1784 generosi
1092 1684 1223 1760 Martis
1243 1685 1414 1777 alumne,

597 1791 712 1868 Cuius
730 1791 912 1867 virtutem
931 1791 1081 1867 saecula
1099 1803 1235 1868 cuncta
1253 1804 1402 1868 canunt.

492 1899 661 1978 Mascula
678 1923 776 1996 quae
793 1897 914 1974 virtus
932 1898 1009 1973 fido
1028 1899 1099 1975 tibi
1116 1912 1263 1999 pectore
1281 1899 1404 1992 vixit,
1523 1894 1525 1899 ’
1647 1940 1651 1954 ·

597 2006 647 2083 Et
665 2033 749 2083 mea
766 2006 929 2107 plectra,
945 2006 1032 2082 licet
1049 2018 1134 2106 post
1151 2008 1226 2084 tria
1243 2008 1384 2107 saecla,
1402 2019 1541 2084 movet.

491 2117 543 2193 Te
562 2111 699 2192 fortem
717 2124 762 2190 ut
778 2113 924 2214 patriae
941 2139 1019 2201 sors
1038 2114 1154 2190 anxia
1171 2114 1269 2190 vidit
1287 2116 1500 2206 alumnum,

598 2222 710 2299 Salvo
727 2222 800 2296 hoc
818 2222 925 2297 salva
942 2247 1070 2298 manes
1087 2223 1276 2300 Pannonis
1295 2248 1381 2314 ora,
1399 2221 1525 2298 refert.

491 2328 540 2406 Et
555 2329 718 2431 patriam
736 2328 911 2425 quamvis
929 2330 1072 2429 repleat
1090 2329 1263 2406 torrentis
1282 2331 1330 2404 ad
1348 2330 1466 2406 instar

596 2436 785 2513 Bistoniae
804 2435 971 2512 Soliman
987 2463 1075 2512 cum
1093 2462 1211 2538 grege
1230 2449 1360 2512 torvus
1379 2437 1560 2514 humum:

493 2545 623 2638 Sidus,
641 2545 769 2637 Buda,
787 2569 913 2620 meum
933 2569 1009 2620 non
1027 2569 1198 2642 unquam
1215 2570 1355 2620 cornua
1373 2545 1485 2620 lunae

597 2652 814 2752 Expaveat':
833 2677 1013 2751 superum
1032 2652 1082 2727 sit
1100 2655 1211 2728 modo
1230 2654 1366 2728 dextra
1384 2649 1525 2728 savena.

493 2760 565 2837 Sed
582 2771 709 2836 tamon
727 2759 820 2834 haec
839 2759 951 2835 eheu!
970 2784 1047 2856 qua
1065 2759 1202 2861 grandi
1220 2759 1344 2835 nescio
1363 2760 1474 2860 culpa
1535 2791 1537 2798 ⁸

596 2866 766 2960 Offensa,
783 2878 951 2967 optatam
971 2866 1182 2960 subtrahit,
1201 2867 1323 2942 omnis
1342 2892 1462 2967 opem.

490 2974 565 3052 Nec
584 2975 673 3052 satis
692 3000 810 3072 usque
828 2974 982 3052 Mohacs
1002 2978 1182 3052 manabas
1201 2975 1385 3076 sanguine
1405 2985 1552 3071 nostr03

594 3083 833 3185 (Hungarico
850 3094 1045 3159 aeternum
1064 3094 1213 3183 pectore
1232 3082 1340 3159 triste
1357 3081 1512 3159 Mohacs
1523 3082 1550 3173 l)

490 3190 538 3267 Ni
557 3192 700 3292 magis,
719 3203 832 3286 atque
850 3190 973 3291 magis
989 3192 1200 3266 lacerentur
1217 3190 1363 3265 viscera
1379 3200 1526 3281 nostra,

593 3298 739 3398 Corque
757 3299 882 3397 ipsum
900 3297 1054 3397 propius
1071 3299 1147 3373 tela
1165 3308 1321 3373 cruenta
1339 3308 1479 3397 petant.

488 3405 672 3506 Hungare
690 3404 783 3502 quid
799 3406 963 3505 trepidas
972 3408 994 3481 ⁴?
1012 3406 1142 3481 Budae
1161 3405 1253 3502 quid
1270 3403 1350 3479 fata
1367 3406 1519 3480 sinistra

592 3512 854 3589 Praemetuis‘?
874 3513 1036 3589 Thomas
1054 3514 1145 3589 dum
1163 3512 1265 3613 gerit
1283 3538 1388 3588 arma
1405 3512 1548 3589 minan.

491 3620 809 3718 Quantascunque
828 3617 936 3697 ferox
955 3620 1193 3697 solimannus
1211 3619 1375 3721 parturit
1393 3620 1489 3713 iras,

592 3728 774 3831 Nadasdy
782 3728 976 3828 impavido
993 3739 1143 3828 pectore
1162 3726 1258 3804 ferre
1277 3726 1382 3803 sciet.

489 3836 646 3913 Lamina
662 3862 738 3912 non
750 3836 860 3912 illum
880 3836 1047 3936 corrupit
1063 3836 1193 3911 divitis
1211 3834 1315 3931 auri,

591 3943 696 4020 Mille
714 3969 783 4021 nec
800 3944 971 4020 horrebit
988 3945 1167 4045 vulnera,
1186 3943 1290 4019 mille
1308 3966 1426 4019 neces.

488 4052 634 4129 Interea
651 4052 788 4129 validis
806 4051 1014 4153 cinguntur
1031 4052 1179 4128 moenia
1196 4048 1347 4144 cestrie,

594 4159 657 4235 Fit
674 4157 824 4261 fragor,
843 4171 880 4237 et
898 4158 1076 4257 quatiunt
1093 4169 1192 4235 tecta
1209 4158 1380 4254 laresque
1398 4155 1513 4258 globi.

489 4264 624 4345 Nullus
642 4266 768 4361 adest,
786 4291 899 4364 quem
917 4293 992 4344 non
1010 4267 1151 4343 cruciet
1167 4277 1363 4361 terrorque
1378 4287 1594 4365 pavorque,

593 4373 668 4465 Qui
685 4374 749 4476 pia
766 4398 841 4451 non
859 4375 996 4451 clamet
1013 4373 1189 4467 numina,
1207 4374 1335 4449 nullus
1354 4373 1469 4448 adest.

490 4480 573 4559 Stat
590 4495 717 4558 tamen
734 4482 945 4581 intrepidus
963 4507 1109 4581 semper
1125 4480 1337 4558 Nddasdins
1356 4479 1485 4569 heros,
1542 4577 1545 4581 ²

572 4682 575 4688 ῃ
593 4590 754 4693 Ignaris
771 4589 898 4691 gelido
917 4589 1055 4692 quippe
1072 4587 1208 4665 timore
1225 4586 1357 4690 premi.

472 4697 595 4790 ,Stare
613 4723 748 4799 parum
765 4695 855 4773 forti
872 4708 949 4791 est,
967 4698 1110 4776 animat
1128 4720 1277 4795 quoque
1295 4719 1388 4771 voce
1405 4704 1619 4787 catervam,

466 4793 474 4819 '
594 4805 709 4882 Cuius
728 4816 810 4881 erat
827 4805 967 4880 summi
984 4806 1087 4881 iussa
1104 4815 1229 4881 tenere
1247 4802 1365 4878 ducis.

486 4905 587 5010 Quid
605 4909 698 4988 sacis
716 4938 739 4988 o
756 4912 900 5014 patriae
918 4913 1019 5015 regis
1037 4938 1188 5011 quoque
1206 4909 1397 4987 amoribus
1415 4909 1579 4985 ardens?

592 5020 682 5100 Vox
699 5031 787 5115 tua,
805 5020 837 5097 si
854 5021 994 5114 nescis,
1012 5032 1115 5097 certa
1132 5018 1271 5121 pericla
1288 5026 1409 5118 parat.
