4084 6000
789 1152 791 1159 ’
892 1137 1089 1244 megla
1116 1134 1236 1280 vll

433 1365 472 1438 In
505 1370 756 1453 manaturum
778 1361 904 1430 obitum
922 1315 1158 1444 nnaxnuum
1178 1360 1413 1440 arcti-duris,
1443 1361 1500 1447 qui
1526 1357 1593 1446 suit
1608 1359 1698 1446 filius

620 1500 622 1513 ¹
688 1485 820 1572 Ioseplu'
834 1487 930 1574 repat
949 1485 1145 1574 chpure'oe
1162 1485 1308 1571 putarint
1330 1481 1440 1554 1837.
1579 1509 1581 1514 ’

485 1647 637 1773 „llulcis
655 1675 961 1766 Alexander,
978 1701 1062 1750 mea
1081 1678 1271 1771 quondam
1289 1675 1452 1775 gaudia,
1472 1686 1581 1768 nate,

590 1785 688 1859 Ante
707 1781 807 1856 diem
825 1780 937 1857 matri
957 1782 1119 1879 denique
1137 1794 1264 1882 rapte,
1283 1783 1368 1856 vale
1383 1782 1416 1856 1⁶⁶

487 1893 546 1970 Sic
564 1889 712 1993 gemuit
729 1899 870 1982 mater,
887 1890 969 1973 uati
987 1891 1079 1964 dum
1097 1890 1232 1989 pressit
1251 1891 1407 1981 ocellos,

590 1997 705 2089 (lueis
722 1995 849 2094 rapuit
866 1996 990 2079 lucem
1008 2021 1108 2071 mors
1127 2008 1327 2100 properata
1339 1996 1458 2096 ,prius

485 2107 630 2183 Vitales
647 2103 927 2201 necquidquam
945 2104 1106 2196 herbae,
1125 2105 1302 2200 succique
1319 2106 1530 2179 medentes:

591 2213 729 2288 Sedula
747 2210 991 2307 quantumvis
1009 2237 1100 2286 cura
1118 2211 1319 2307 laborque,
1338 2213 1488 2286 cadunt.

485 2321 534 2396 Et
551 2320 692 2395 frustra
709 2341 862 2417 superos
879 2318 943 2416 pia
959 2329 1050 2393 vota
1066 2344 1265 2419 precesque
1284 2318 1468 2420 fatigant,

588 2425 782 2526 Diripiunt
799 2425 905 2499 surdi
921 2437 1011 2500 vota
1029 2450 1230 2525 precesque
1249 2425 1347 2501 Noti.
1384 2512 1386 2518 s

487 2536 569 2628 Quo
588 2547 655 2615 tua
672 2558 773 2608 mors
790 2535 943 2607 tandem
960 2533 1169 2609 bacchatur
1186 2559 1298 2608 saeva
1315 2533 1520 2634 tyrannis?

591 2642 694 2742 Ergo
714 2640 811 2714 nihil
827 2665 1001 2738 prorsuS,
1020 2643 1122 2736 quod
1140 2642 1320 2733 verearis,
1339 2641 1498 2716 habes?

482 2738 572 2826 'Non
589 2773 751 2845 usquam
769 2747 913 2847 caperis
931 2749 1124 2824 vernantis
1142 2751 1232 2823 flore
1248 2748 1457 2824 iuventae?
1498 2801 1499 2804 ,

591 2855 674 2931 Non
691 2854 841 2952 quaeris
860 2855 1040 2955 stipulae,
1058 2855 1212 2956 corripis
1232 2882 1330 2950 aune¹
1346 2855 1478 2930 rosas?
1533 2899 1535 2904 ·

487 2965 549 3041 Nil
568 2989 650 3064 spes
668 2973 773 3039 tanta
790 2963 927 3062 patrie,
947 2963 1002 3037 nil
1021 2965 1234 3064 expectatio
1253 2962 1398 3065 gentis,
1472 2987 1475 2991 ·

592 3072 641 3146 Et
660 3071 758 3145 nihil
776 3072 871 3161 (heu
889 3069 1055 3161 facinus)
1074 3098 1148 3165 non
1166 3072 1346 3165 meruisse
1365 3071 1502 3163 iuvat‘?
1566 3142 1568 3145 .

487 3178 588 3272 Quid
606 3177 756 3278 fulgor,
775 3202 934 3275 quaeso,
951 3178 1117 3277 generis!
1137 3179 1229 3274 quid
1247 3189 1414 3278 sceptra,
1432 3178 1609 3279 coronael

591 3286 742 3361 Auseris
760 3286 854 3359 haec
872 3294 957 3359 atra
973 3295 1226 3359 contemerare
1243 3286 1388 3363 manu?
1417 3280 1425 3294 ”

487 3396 641 3485 Ferrea,
660 3417 757 3489 quae
774 3392 916 3493 passim
934 3390 1132 3467 confundis
1152 3418 1256 3468 sacra
1274 3391 1461 3492 prosarie,

592 3502 749 3593 Ferrea,
768 3499 822 3573 nil
839 3499 965 3599 pensi,
984 3525 1154 3574 summus
1173 3526 1221 3602 an
1239 3500 1359 3594 imus,
1376 3500 1504 3575 habes.

487 3610 536 3685 Et
555 3606 728 3705 quamvis
747 3605 863 3682 suerit
881 3606 1087 3681 iustissima
1104 3616 1232 3683 nostra
1250 3608 1423 3705 querela,
1509 3662 1511 3669 -

594 3718 700 3792 Anne
718 3725 845 3789 tamen
864 3715 981 3808 tanti,
1000 3739 1077 3811 qua
1095 3725 1314 3809 moveatur,
1333 3716 1433 3790 erit?

489 3824 565 3899 Aut
583 3824 707 3897 minus
724 3822 904 3897 admistos
922 3823 1044 3922 rapiet
1061 3822 1288 3919 iuvenesque
1307 3822 1505 3920 senesque,

595 3932 691 4007 Tuto
709 3930 807 4005 forte
825 3929 933 4005 dabit
951 3955 1056 4005 saera
1075 3956 1224 4017 manere
1242 3932 1354 4006 loeo‘l

487 4040 549 4115 Me
568 4038 767 4113 miserum]
786 4040 903 4137 perdo
921 4038 1161 4134 querulantia
1179 4037 1340 4133 denique
1358 4040 1485 4113 verba.

346 4136 348 4142 ¹
593 4146 704 4221 Falce
722 4144 831 4219 ferox
849 4146 969 4221 letum
987 4145 1126 4238 saevit,
1145 4156 1189 4220 ut
1207 4155 1313 4237 ante,
1331 4170 1410 4220 sua.

487 4253 631 4329 Rumor
649 4253 681 4326 it
700 4252 764 4342 enl
787 4252 924 4327 celebri
942 4278 1079 4353 regum
1097 4255 1143 4326 de
1162 4252 1345 4353 sanguine
1364 4264 1507 4344 cretus,
1585 4254 1589 4261 ’

593 4360 732 4435 Vivere
751 4359 820 4433 vix
839 4359 980 4459 coepit,
999 4359 1155 4434 victima
1172 4384 1290 4460 prona
1309 4360 1415 4435 iacet.
1515 4414 1517 4420 -

488 4467 570 4543 Illic
589 4468 647 4543 bis
664 4467 784 4542 tincta
802 4469 998 4542 decoratus
1015 4466 1159 4543 murice
1176 4468 1299 4568 palla,
1433 4508 1437 4516 ·

594 4574 643 4651 Et
660 4576 817 4675 longum
836 4575 975 4675 dignus
993 4575 1122 4653 vivere
1140 4587 1310 4676 tempuS,
1329 4574 1418 4650 obit.
1497 4628 1498 4632 η

489 4682 757 4760 Paruulushic
775 4682 898 4756 lucem
916 4682 986 4756 vix
1003 4682 1134 4782 primis
1152 4683 1281 4758 hausit
1299 4681 1445 4774 euellit,
1552 4749 1556 4755 ,
1580 4707 1583 4711 ·

595 4789 629 4866 N
631 4816 682 4865 ox
699 4791 860 4864 necdum
878 4800 1010 4864 natum
1026 4788 1108 4864 iam
1120 4790 1257 4890 premit
1275 4799 1358 4875 atra
1376 4788 1486 4868 diem

489 4898 560 4975 Vir
577 4899 678 4974 cadit
695 4896 758 4972 hic
776 4898 965 4989 dominae,
984 4896 1125 4972 coniux
1142 4899 1278 4973 dilecta
1295 4896 1452 4990 marito,

594 5005 676 5081 Illic
694 5015 731 5081 et
748 5004 846 5079 natis
864 5005 1003 5105 migrat
1021 5016 1178 5099 uterque
1197 5028 1352 5103 parens„
