4084 6000
975 602 1024 676 65

420 815 567 915 Quippe
584 816 692 890 velut
708 826 836 915 gratos
854 813 1065 914 dispenbaS,
1084 815 1256 909 Phoebe,
1275 815 1437 909 calores,

522 923 651 996 Manat
670 934 712 996 ut
730 949 750 996 e
767 923 857 996 vivo
877 921 978 995 fonte
996 923 1168 1021 perennis
1187 949 1306 1018 aqua:

418 1028 596 1104 Munifico
615 1029 756 1129 pariter
773 1042 855 1126 tua,
873 1029 1043 1130 praesul,
1061 1031 1214 1104 numine
1233 1034 1368 1105 dextra

523 1136 733 1212 Innumeris
751 1138 912 1236 passim,
930 1136 1039 1211 Titus
1057 1150 1100 1211 ut
1118 1139 1233 1231 alter,
1251 1141 1366 1212 adest.

417 1245 478 1318 Ah
494 1245 666 1318 valeant!
685 1243 801 1337 dicis,
819 1243 957 1340 quibus
976 1255 1032 1317 est
1050 1243 1202 1320 fortuna
1219 1245 1407 1345 benigna,

522 1351 680 1451 Frigida
697 1353 763 1426 sed
781 1354 919 1425 durum
937 1363 1088 1450 pectora
1106 1378 1272 1426 marmor
1291 1353 1415 1428 habet.

288 1485 292 1491 ·
420 1457 520 1550 Quid
538 1458 645 1533 iuvat
664 1459 834 1533 attalicus
853 1483 962 1532 caeca
980 1459 1170 1534 recludere
1190 1485 1321 1534 census

520 1568 637 1658 Arca,
656 1566 723 1640 ubi
742 1578 797 1641 tot
810 1565 969 1643 'miseros
988 1591 1067 1640 sors
1085 1565 1239 1642 inimica
1257 1565 1423 1666 premit‘l

416 1671 500 1748 Non
517 1676 630 1748 decus
648 1685 805 1774 argento
824 1685 900 1765 est,
918 1699 993 1769 non
1011 1676 1115 1766 laus,
1134 1674 1201 1772 qui
1218 1673 1402 1773 possidet,
1422 1672 1498 1771 illi,

519 1781 660 1856 Usibus
678 1780 780 1855 illius
799 1781 883 1854 laus
902 1780 973 1853 nisi
992 1781 1092 1856 iusta
1110 1781 1226 1856 venit.

415 1887 494 1962 Ah!
514 1890 686 1980 valeant,
704 1888 839 1963 iterare
858 1888 974 1980 soles,
992 1913 1109 1984 quos,
1127 1901 1211 1988 post
1229 1887 1301 1963 nisi
1321 1887 1400 1963 fata
1472 1969 1475 1978 f

522 1995 621 2070 Cura
638 2008 741 2070 tenet
757 1995 907 2094 plutum
924 1994 995 2070 rite
1012 1997 1135 2070 locare
1154 2021 1276 2070 suum.

414 2099 524 2191 Quod
541 2101 700 2176 retinere
720 2102 873 2197 nequis,
891 2126 988 2199 quae
1006 2103 1130 2203 gloria
1148 2104 1308 2178 eederet
1328 2103 1529 2202 pulchrae,

518 2209 665 2284 Invitus
685 2213 787 2306 quod
805 2209 910 2309 agiS,
927 2211 1050 2285 laudis
1069 2235 1210 2310 opusne
1229 2212 1372 2284 vocas?
1530 2204 1534 2208 ’

415 2314 557 2390 Siccine
575 2328 618 2390 tu
637 2318 817 2416 praesul?
838 2317 892 2390 nil
909 2317 985 2391 iam
1004 2317 1248 2409 mirabimur,
1267 2318 1407 2392 almam
1540 2391 1543 2397 .

517 2423 625 2499 Unde
643 2438 749 2499 tuam
768 2425 957 2499 celebrent
975 2436 1032 2500 tot
1048 2423 1244 2500 benefacta
1263 2451 1429 2500 manum.

412 2527 488 2604 Nec
506 2530 578 2604 tibi
596 2544 828 2631 praesentem
847 2532 936 2605 satis
956 2544 1012 2606 est
1030 2533 1194 2607 mulcere
1212 2533 1378 2606 dolorem

517 2638 711 2730 Consiliis,
729 2638 883 2736 opibus,
902 2640 1151 2730 dexteritate,
1169 2637 1264 2734 fide;

417 2742 533 2843 Saepe
549 2745 615 2838 fit,
634 2757 677 2819 ut
696 2746 842 2836 doleas,
859 2744 891 2818 si
910 2771 985 2819 non
1003 2748 1207 2844 deprendat
1226 2771 1388 2845 egenae,

515 2855 793 2946 Absentemque
810 2852 910 2926 malo
930 2877 1021 2927 cura
1039 2853 1165 2926 levare
1187 2853 1257 2926 tibi
1277 2864 1342 2926 est.

411 2955 579 3034 Nominis
598 2971 637 3035 et
655 2957 778 3034 famae
795 2970 901 3035 tanta
920 2960 1009 3055 qnia
1027 2961 1111 3035 luce
1130 2957 1316 3061 refulges,

515 3068 638 3160 Quam
657 3070 751 3142 bene
770 3078 845 3141 stat
861 3068 977 3141 lauris
996 3067 1126 3142 iuncta
1144 3067 1241 3141 tiara
1258 3067 1353 3142 tuis!

409 3172 513 3249 Haec
532 3176 644 3249 modo
663 3186 872 3273 spectantes
890 3175 1003 3270 (quid
1020 3174 1153 3249 enim?
1173 3174 1245 3248 nisi
1263 3187 1352 3249 vota
1371 3175 1555 3269 salutant)

514 3280 696 3356 Laetitiae
714 3281 887 3357 insolitus
906 3282 1094 3378 quoslibet
1113 3294 1236 3357 aestus
1255 3282 1347 3383 agit.

408 3388 558 3488 Mysta,
576 3401 727 3487 potens,
746 3415 910 3490 pauper,
928 3391 1110 3489 plaudens
1130 3415 1217 3463 cum
1236 3390 1317 3463 cive
1336 3400 1487 3473 senatus

515 3496 587 3572 Ore
606 3492 905 3589 feruntnomen,
924 3500 1075 3597 praesul
1094 3509 1237 3589 amate,
1255 3508 1377 3571 tuum.

409 3601 510 3693 Quid
528 3603 613 3702 pius
631 3606 744 3697 ordo,
762 3629 830 3678 suo
849 3617 885 3679 te
905 3607 1094 3700 quondam
1116 3606 1235 3678 laetus
1253 3604 1428 3696 alumne,

516 3709 591 3790 Nec
609 3710 681 3784 tibi
700 3710 807 3805 cuius
825 3712 949 3785 adhuc
968 3724 1117 3812 pectore
1136 3710 1244 3785 cessit
1263 3713 1399 3785 amor?

407 3816 515 3891 Hanc
533 3817 605 3892 tihi
624 3819 814 3893 solennem
832 3818 1024 3918 propriam
1043 3842 1192 3913 quoque
1211 3819 1334 3892 dicere
1353 3819 1515 3919 gaudet,

512 3923 560 3998 Et
578 3924 682 4024 cupit
701 3938 892 4017 ornatam,
911 3951 987 4020 qua
1004 3926 1095 3999 licet
1111 3949 1251 4019 nsque,
1270 3924 1381 3999 diem.

407 4028 591 4127 Quodque
610 4033 713 4108 valet
730 4034 924 4131 precibus,
942 4034 1046 4128 quod
1063 4032 1161 4106 votis
1180 4034 1334 4124 addere,
1353 4032 1530 4125 summis,

511 4138 594 4213 Non
613 4138 738 4214 minus
757 4166 800 4213 ac
818 4139 904 4220 imis
922 4141 1093 4214 aemulus
1114 4138 1166 4213 ire
1182 4141 1321 4216 'studet

406 4243 536 4320 Thura
553 4249 712 4343 probent
730 4248 878 4345 superi,
896 4258 953 4324 tot
971 4272 1068 4341 quae
1087 4249 1179 4320 dant
1197 4243 1367 4345 pectora,
1386 4247 1556 4346 praesul,

512 4354 731 4428 Innumeros
748 4355 856 4428 vives
875 4366 913 4428 et
932 4354 1009 4429 sine
1029 4356 1149 4446 nube,
1168 4354 1256 4429 dies
