4084 6000
1066 637 1114 710 62

985 750 1196 766 -m

511 846 609 920 Hinc
627 845 732 920 velut
749 847 884 921 educta
902 850 1065 946 prudens
1084 848 1295 948 speculator
1312 851 1361 924 ab
1379 825 1484 942 arem

616 952 674 1027 Ad
692 965 779 1046 tua,
796 953 968 1053 relligio,
985 957 1182 1030 commoda
1199 965 1300 1029 totus
1319 955 1411 1056 agit.

511 1058 660 1134 Scilicet
678 1058 770 1133 haec
788 1061 886 1158 potis
904 1058 985 1152 est,v
997 1073 1064 1136 aut
1080 1061 1155 1154 nil,
1173 1061 1396 1137 mortalibus
1414 1061 1538 1163 aegris
1574 1069 1576 1076 ’

614 1165 866 1266 Temporibus·
878 1167 1023 1242 cunctis
1036 1165 1135 1241 ferre
1151 1167 1284 1240 salutis
1302 1191 1421 1268 opem.

510 1273 591 1346 Hac
609 1271 689 1345 sine
706 1271 799 1369 quid
815 1272 948 1360 tituli‘l
967 1272 1060 1368 quid
1078 1296 1237 1347 avorum
1254 1274 1407 1348 nomina
1425 1277 1615 1373 prosunt?

614 1377 716 1469 Quid
733 1376 840 1453 fundi
858 1379 1020 1454 attalicis
1038 1379 1209 1454 censibus
1227 1403 1347 1476 usque
1364 1383 1506 1479 pares?

511 1483 705 1580 Nusquam
722 1496 806 1559 tuta
822 1487 944 1577 salus,
962 1509 1029 1560 seu
1047 1487 1146 1560 celsa
1164 1485 1305 1584 palatia
1323 1487 1478 1578 lustres,

614 1590 702 1666 Sive
719 1591 883 1666 humiles
900 1595 1054 1684 subeaS,
1072 1591 1348 1685 rusticarisne,
1367 1615 1482 1667 casas.

509 1698 591 1772 Hac
609 1697 688 1772 sine
705 1699 807 1793 quod
825 1697 979 1797 sceptris
996 1699 1202 1790 deessset,
1221 1700 1468 1798 splendorque
1487 1696 1663 1774 coronis?

613 1802 743 1894 Qualis
761 1803 879 1877 honos
897 1804 993 1897 aris,
1012 1804 1252 1901 iustitiaeque
1269 1804 1391 1880 foris‘l

510 1909 667 1985 Excutit
684 1909 838 2004 iniectos
856 1912 1037 1985 damnosa
1054 1911 1204 1984 licentia
1223 1909 1368 2004 frenos,

611 2016 746 2116 Spreta
763 2017 859 2090 iacet
876 2017 1015 2116 pietas,
1033 2027 1169 2116 regnat
1187 2016 1330 2114 ubique
1348 2018 1478 2092 scelus.

507 2123 588 2196 Hac
606 2122 684 2197 sine
702 2147 795 2197 cum·
807 2118 969 2197 dominis
986 2134 1105 2197 terras
1123 2124 1354 2222 populosque
1366 2135 1562 2224 potentat,

612 2228 971 2321 Creditemortales,
990 2237 1092 2304 certa
1109 2229 1220 2304 ruina
1236 2242 1376 2306 manet

507 2335 631 2410 Huius
649 2360 773 2427 amor,
790 2337 961 2436 praesul,
978 2346 1059 2410 toto
1076 2334 1147 2410 tibi
1164 2341 1313 2435 pectore
1332 2336 1435 2411 fixus

584 2488 586 2493 ,
612 2441 733 2542 Urget
751 2441 937 2517 inaccessa
956 2440 1104 2516 fortiter
1121 2441 1175 2516 ire
1194 2443 1268 2517 via.
1301 2499 1305 2512 .
1359 2485 1364 2495 -

506 2548 555 2623 Et
572 2550 663 2623 dum
682 2548 806 2647 prima
822 2547 923 2648 regis
940 2548 1068 2622 selecti
1086 2547 1258 2648 germina
1276 2548 1382 2640 cleri,

610 2654 754 2730 Nobilis
771 2655 949 2753 exemplo
965 2657 1121 2752 duxque
1139 2659 1336 2750 comesque
1353 2666 1441 2751 tuo;
1552 2705 1553 2712 κ

508 2761 557 2835 Et
575 2763 667 2835 dum
684 2761 760 2834 iam
778 2761 931 2839 meritos
948 2760 1104 2862 linguae
1121 2761 1265 2835 virtute
1283 2759 1444 2836 disertae
1500 2796 1503 2800 ·

610 2867 722 2968 Legis
740 2879 926 2966 pastores,
944 2866 1136 2963 officiique
1153 2891 1292 2942 mones.
1421 2871 1427 2938 ’.

506 2975 559 3049 Ac
577 2974 697 3049 veluti
714 2975 853 3049 blando
871 2973 1134 3075 Zephyrorum
1153 2973 1305 3048 flamine
1323 2971 1463 3072 passim

609 3080 658 3156 Et
677 3082 822 3155 nemori
839 3093 878 3155 et
894 3080 1037 3179 campis
1055 3080 1136 3155 vita
1153 3080 1341 3180 vigorque
1358 3078 1475 3154 redit:

507 3188 623 3287 Capta
641 3187 716 3261 tuis
734 3186 906 3279 monitis,
924 3188 1095 3286 praesul3
1112 3185 1165 3260 sic
1182 3199 1341 3289 pectora
1352 3185 1482 3261 fervor

611 3294 759 3369 Devota
776 3294 920 3391 superis
938 3293 1184 3397 compietate
1202 3292 1317 3367 subit.

506 3401 590 3477 Sint
606 3411 688 3475 rata
705 3409 796 3479 vota
813 3398 1008 3491 Deo‚-sint
1025 3404 1062 3475 et
1079 3410 1276 3498 praecepta
1294 3396 1445 3490 salutis,
1497 3414 1501 3421 ·

609 3505 725 3597 Queis
742 3506 940 3580 hominum
958 3506 1088 3605 generi
1106 3504 1335 3587 cousuluisse
1354 3508 1500 3579 studes:

504 3613 609 3705 Quae
628 3612 742 3687 facies
760 3611 904 3713 regnisl
923 3610 1008 3708 quis
1026 3613 1146 3707 honor
1163 3611 1403 3693 revocabitur
1417 3610 1512 3689 arisi
1649 3657 1652 3665 ι

608 3718 741 3810 Quid‘l
760 3719 833 3794 nisi
851 3715 929 3818 pax
946 3728 1086 3812 terras,
1103 3718 1405 3818 prosperitasque
1424 3716 1539 3794 coleti

506 3826 671 3904 Deliciae
689 3824 820 3925 populi
838 3837 876 3900 et
893 3838 1071 3903 votorum
1087 3836 1189 3903 mota
1206 3824 1377 3923 piorum,

609 3932 767 4009 Sedibus
785 3958 868 4009 ecce
885 3933 980 4007 tuisl
999 3942 1128 4031 pastor
1145 3942 1291 4007 amatus
1310 3932 1411 4005 ades.

504 4039 678 4139 Spargite
696 4038 856 4118 humum
875 4040 985 4138 pueri
1000 4039 1132 4131 violis,
1151 4039 1365 4133 hilaresque
1384 4035 1554 4134 puellae,
1681 4095 1684 4103 ί

504 4240 507 4244 ἢ
607 4146 655 4221 Et
673 4171 757 4221 rosa
774 4150 846 4246 sub
863 4147 1022 4245 pedibus
1040 4144 1183 4221 consita
1200 4153 1342 4222 sternat
1358 4142 1442 4217 iter.

426 4288 428 4292 ⁴
503 4255 552 4327 At
571 4264 613 4328 tu
631 4262 722 4327 vota
738 4254 888 4353 gregis,
905 4253 1076 4351 praesul,
1094 4250 1264 4347 sacrique
1284 4259 1435 4326 senatus
1446 4296 1459 4341 ,κ

607 4358 654 4434 Et
672 4382 818 4434 musam
834 4360 933 4435 banc
951 4359 1071 4434 teneri
1088 4355 1382 4458 pignusameris
1401 4354 1519 4431 habe!
1590 4382 1592 4386 ·

922 4716 1236 4727 *m
