4084 6000
933 633 1003 708 121

872 747 1083 760 ..ι--ια--ια

400 848 473 924 Sed
490 858 664 922 crescunt
679 849 850 948 plantae,
868 848 999 948 pluvio
1018 848 1051 922 si
1069 871 1151 924 rore
1169 851 1406 941 madescant,

500 953 549 1030 Et
566 954 598 1028 si
616 955 805 1030 laetentur
822 955 984 1048 lumine,
1002 955 1175 1050 Phoebe,
1192 968 1270 1032 tuo.

398 1060 480 1138 Non
501 1061 625 1136 minus
643 1073 682 1138 et
699 1062 823 1136 virtus
841 1075 1004 1163 augusta
1021 1088 1114 1140 voce
1133 1067 1292 1164 probata

499 1169 704 1269 Fulgorem
722 1168 929 1246 increscens
947 1169 1115 1270 explicat
1132 1169 1215 1272 ipsa
1233 1195 1355 1246 suum.

395 1277 550 1374 Iamque
568 1275 634 1378 diu
651 1276 785 1351 merita
802 1277 914 1352 video
931 1288 970 1352 te
989 1279 1075 1352 sede
1093 1279 1282 1370 locatum,

501 1383 533 1460 Ο
551 1384 683 1459 decus!
701 1409 724 1458 o
742 1384 885 1484 patriae
902 1383 1015 1459 firma
1034 1385 1209 1461 columna
1226 1383 1333 1458 tuae!

395 1491 497 1567 (lana
513 1489 607 1564 fides
626 1490 752 1566 studio
770 1491 860 1567 iusti
878 1493 1091 1588 blandoque
1109 1491 1230 1594 rigori

500 1599 632 1673 Iuncta
649 1611 760 1674 tuum
778 1597 938 1699 stipant,
955 1598 1116 1700 pulchra
1135 1610 1311 1691 caterva,
1329 1597 1438 1672 latus.

395 1703 444 1780 Et
460 1705 662 1802 quisquam
679 1705 857 1782 dubitet?
877 1706 1018 1782 resides
1037 1731 1112 1803 quo
1131 1705 1294 1782 culmine
1312 1704 1470 1803 posthae

500 1812 651 1890 (iratior
669 1814 837 1913 adspirat
854 1839 969 1909 quam
987 1815 1093 1914 prius
1113 1839 1206 1889 aura
1223 1813 1331 1913 polit

397 1919 521 1995 Aurea
538 1921 631 2016 quin
648 1933 775 1995 tecum
792 1920 980 2012 reditura,
998 1920 1250 2012 Ladislae‚
1267 1921 1390 1994 lustra

501 2026 630 2120 (lives,
649 2039 688 2103 et
704 2028 861 2120 merito,
879 2039 1004 2102 mente
1023 2027 1224 2124 animoque
1243 2026 1383 2104 fovent.
1467 2069 1471 2076 ·

398 2132 543 2210 Norunt
561 2135 723 2236 quippe,
740 2135 812 2210 tibi
831 2159 946 2232 quam
965 2135 1016 2210 sit
1034 2135 1236 2234 prudentia
1255 2133 1371 2223 felix,

501 2240 694 2332 Quantum
712 2254 751 2318 te
768 2243 967 2343 ingenium
985 2243 1260 2339 consiliumque
1278 2253 1397 2344 regat.

397 2347 450 2424 Ut
466 2349 610 2423 meritis
627 2352 736 2426 ardes
753 2351 872 2425 iustas
890 2352 1088 2425 decernere
1104 2351 1253 2441 lauros,

501 2456 575 2548 Ut,
593 2482 680 2533 cum
698 2459 800 2553 quod
819 2458 936 2532 nolles
954 2458 1102 2558 cogeris
1122 2483 1220 2549 esse,
1239 2456 1352 2532 doles.

396 2563 498 2665 Ergo
516 2563 752 2664 triumplales
769 2565 943 2665 princeps
961 2567 1056 2639 bene
1074 2564 1181 2638 ouria
1200 2565 1354 2663 plausus

501 2672 736 2771 Ingeminas,
754 2672 880 2747 fausta
898 2672 982 2746 luce
1000 2671 1165 2746 micante
1182 2670 1264 2745 tibi.

396 2778 477 2855 Hoc
495 2804 658 2878 prorex,
677 2778 780 2853 sidus
799 2779 966 2878 patriae,
984 2776 1096 2853 facit:
1114 2777 1230 2852 huius
1249 2776 1382 2854 obibat

501 2887 570 2960 Ille
587 2897 750 2982 quatuor
768 2885 918 2978 lustris,
936 2886 1033 2959 alter
1051 2896 1096 2960 ut
1114 2885 1198 2977 ille,
1215 2883 1328 2961 vices.

398 2994 479 3069 Hoc
497 3020 626 3069 omnes
644 2991 807 3086 faciunt,
826 3018 921 3090 quos
938 2992 1081 3096 gaudia
1100 3018 1249 3069 summa
1266 2994 1494 3088 remulcent,

501 3100 651 3205 Inclyta
668 3103 760 3176 dum
778 3100 902 3175 virtus
920 3101 1089 3199 praemia
1107 3099 1225 3201 digna
1242 3100 1354 3200 capit.

396 3207 601 3309 Praecipue
621 3208 694 3285 hoc
712 3220 840 3283 tantae
858 3208 1000 3301 soboli,
1018 3232 1162 3308 paeana
1180 3205 1421 3305 frequentans

501 3316 618 3391 Laeta
634 3327 722 3391 tuae
741 3317 855 3391 tellus
872 3315 1171 3391 Keoskemetana
1190 3313 1293 3391 facit.

395 3423 446 3497 At
464 3433 508 3497 tu
526 3423 596 3499 lux
615 3423 784 3524 generis,
802 3422 946 3523 priscae
965 3422 1120 3499 virtutis
1138 3422 1287 3524 image,

503 3528 723 3628 Natalisque
740 3530 799 3605 tui
817 3529 940 3631 gloria
957 3532 1080 3605 multa
1098 3529 1189 3636 soli,

395 3636 543 3714 Gaudia
560 3663 648 3713 cum
665 3638 787 3732 votis,
805 3638 912 3734 queis
932 3649 971 3712 te
988 3661 1237 3732 veneramur,
1255 3640 1394 3715 amoris

501 3745 628 3821 Testes
647 3745 797 3820 addicto
816 3746 984 3845 suscipe,
1002 3770 1160 3841 quaeso,
1179 3744 1274 3820 sinu.

398 3851 457 3928 Sic
475 3853 603 3927 dulces
621 3851 701 3927 nati
720 3853 862 3953 patrias
879 3852 1086 3928 virtutibus
1105 3864 1267 3948 aequent

502 3959 710 4059 Spes,cari
728 3958 871 4060 patriae
890 3985 977 4035 cum
995 3959 1192 4059 patriaque
1210 3959 1293 4035 tibi.

397 4066 456 4143 Sic
473 4068 654 4168 gravium
673 4065 791 4143 fastos
808 4069 987 4142 decorent
1002 4077 1070 4141 tua
1088 4064 1189 4141 sacta
1206 4066 1402 4159 virorum,

501 4172 660 4270 Quaque
677 4175 784 4250 volat
801 4200 937 4256 nomen
955 4172 1059 4249 fama
1077 4176 1241 4249 secunda
1259 4184 1375 4251 sonet.

397 4280 458 4358 Sic
475 4301 626 4379 quoque
642 4307 712 4382 per
725 4281 876 4375 titulos,
894 4306 962 4382 per
979 4281 1168 4359 honorum
1185 4281 1351 4357 culmina
1369 4292 1479 4357 vecto

503 4388 706 4469 Candidior
723 4391 851 4465 redeat
869 4390 1141 4487 candidiorque
1159 4388 1250 4466 dies.

822 4698 1138 4716 *W
