4084 6000
843 1139 846 1144 Ι
912 1028 1111 1136 Elegia
1138 1031 1281 1118 vm.

518 1237 572 1306 Ad
598 1235 778 1344 Martinam
804 1240 934 1300 Bonna
960 1229 1150 1305 1111111111
1174 1235 1309 1322 piarum
1332 1233 1593 1322 provincialem,
1622 1215 1686 1324 quo

473 1363 592 1449 cqeatc
618 1359 646 1430 1.
672 1359 812 1430 drumm
840 1356 955 1428 1111111
978 1377 1041 1445 per
1067 1359 1163 1430 111111·
1185 1361 1374 1449 apocopum
1396 1359 1557 1436 01111111
1581 1359 1729 1446 fundata

1003 1483 1070 1569 fcit
1090 1484 1198 1557 1828.

527 1637 593 1755 llis
610 1683 685 1754 duo
702 1677 822 1754 lustra
839 1701 947 1754 suam
963 1690 1167 1780 properant
1184 1679 1397 1782 pertingere
1415 1690 1572 1774 metam,

631 1786 781 1863 Credita
797 1788 920 1882 quod,
937 1811 1159 1888 praeses,
1177 1798 1304 1864 nostra
1323 1789 1450 1862 carina
1468 1788 1564 1876 tibi
1583 1801 1649 1864 est.

528 1894 578 1970 Ol
597 1919 668 1999 ego
687 1894 719 1967 si
735 1894 904 1987 valeam,
922 1917 1018 1990 quae
1036 1895 1225 1990 viximuS,
1245 1921 1358 1970 aurea
1374 1897 1493 1971 lustra

630 2001 809 2077 Venturis
827 1999 944 2102 digna
961 2027 1250 2078 commemorare
1270 2003 1401 2106 chely!

526 2109 675 2185 Dicere:
695 2111 810 2206 quam
826 2109 972 2208 placido
990 2112 1209 2210 complexus
1227 2120 1375 2213 pectore
1394 2109 1547 2204 fratres,

632 2217 755 2309 Quam
772 2214 889 2290 fueris
906 2216 955 2292 iu
966 2217 1032 2292 sti
1048 2218 1305 2318 propositique
1323 2228 1450 2294 tenax,

527 2325 677 2402 Dicere:
696 2348 809 2422 quam
828 2349 992 2423 semper,
1011 2324 1138 2421 siquos
1155 2329 1254 2402 vada
1272 2351 1382 2403 caeca
1400 2328 1558 2402 latentes

632 2431 842 2508 Obiicerent
858 2434 1049 2531 scopulos,
1065 2433 1216 2509 vincere
1226 2429 1341 2509 'fortis
1358 2459 1450 2509 erae.

527 2539 678 2616 Dicere:
697 2563 810 2636 quam
827 2538 990 2614 ubertim
1009 2537 1147 2638 fuerint
1166 2545 1299 2618 decora
1316 2543 1392 2616 alta
1409 2541 1573 2642 benigno
1663 2605 1666 2610 .

633 2647 1547 2749 Tepatre,tevigilipraesidenatatuis,

529 2755 632 2830 Haec
649 2753 811 2830 referent
829 2754 912 2830 alii:
931 2781 991 2829 me
1010 2756 1145 2831 nostris
1161 2757 1336 2859 proxima
1353 2756 1460 2832 tectis

635 2863 773 2939 Caussa
789 2872 917 2959 moret
933 2872 1061 2962 gratos
1079 2889 1142 2938 ore
1159 2865 1256 2940 ciere
1274 2890 1393 2939 sonos.

531 2971 646 3071 Saepe
663 2969 753 3046 boni
770 2966 924 3045 fratres:
942 2970 1083 3064 invita,
1101 2975 1228 3066 crede,
1247 2972 1417 3048 Minerva

634 3079 838 3170 Sudamus,
857 3078 958 3153 soliti
975 3078 1097 3177 dicere
1115 3105 1223 3180 saepe
1241 3080 1347 3155 mihi.

530 3189 672 3263 Ponere
690 3210 868 3259 conamur
886 3186 1023 3261 molem
1040 3187 1118 3263 sine
1136 3186 1399 3287 fundamento:

635 3292 728 3385 Quis
745 3319 820 3367 non
837 3303 990 3367 conatus
1008 3294 1130 3369 riserit
1147 3320 1265 3392 usque
1282 3296 1394 3397 pios‘l

531 3403 697 3496 Parcite,
716 3400 906 3493 dicebam,
925 3400 1083 3501 suspiria
1101 3400 1256 3478 fundere
1273 3413 1419 3495 vestra,

637 3511 756 3585 Prae
767 3533 812 3582 se
823 3533 857 3601 e,
876 3508 942 3605 qui
960 3532 1067 3583 curas
1085 3519 1233 3608 pectore
1252 3512 1382 3603 tollat,
1399 3508 1481 3584 erit.
1510 3584 1513 3593 ,

534 3618 713 3717 Tempore
730 3641 849 3717 parva
866 3640 971 3716 seges
989 3642 1125 3691 messes
1143 3618 1341 3693 succrescit
1359 3618 1398 3691 in
1416 3617 1579 3717 amplas,

639 3724 724 3800 Uva
741 3724 845 3823 prius
862 3723 979 3798 tristis
996 3735 1163 3825 tempore
1182 3726 1302 3800 dulcis
1320 3724 1401 3801 erit.

488 3903 490 3908 .
534 3833 687 3928 Iamque
706 3856 834 3906 serena
851 3830 949 3923 dies,
968 3832 1076 3928 quia,
1094 3858 1312 3932 praeses,
1330 3834 1445 3933 longa
1463 3828 1617 3931 fugares

637 3938 794 4032 Nubila,
812 3937 979 4013 sollicitis
996 3937 1174 4015 fratribus
1193 3950 1274 4015 orta
1292 3938 1377 4013 fuit.
1425 4022 1434 4033 Α

498 4053 501 4062 ’
534 4047 648 4124 Eccel
664 4057 794 4147 patent
810 4057 959 4145 portae,
978 4071 1074 4146 quae
1091 4049 1250 4149 pignora
1267 4072 1384 4148 parva
1398 4055 1598 4148 parentum

637 4154 858 4254 Excipiant,
876 4155 1012 4230 teneris
1031 4156 1259 4231 instituenda
1276 4154 1386 4229 sonis.
1436 4235 1443 4246 k,

534 4262 717 4359 Quodque
735 4272 882 4362 patent,
901 4263 1092 4362 repletque
1109 4288 1345 4359 novusnova
1363 4252 1462 4337 tecta
1479 4284 1673 4352 susurruS,

638 4370 766 4448 Gloria
783 4395 928 4471 semper
944 4370 1015 4445 erit
1032 4370 1192 4445 nominis
1209 4371 1334 4472 ampla
1351 4379 1403 4445 tu
1413 4370 1437 4445 i.

535 4478 642 4553 Hanc
660 4487 791 4579 gratae
810 4479 999 4570 celebrant
1016 4480 1150 4571 urbes,
1168 4478 1265 4559 hanc
1284 4476 1422 4579 oppida
1439 4478 1578 4569 multa,

638 4586 709 4661 His
726 4610 836 4661 voces
853 4585 985 4660 miscet
1001 4597 1114 4687 grata
1132 4586 1341 4663 Colocza
1358 4610 1455 4661 suas,

534 4692 632 4768 Vive
651 4695 782 4786 111111,
801 4693 958 4786 clamat,
975 4694 1140 4793 patriae,
1159 4694 1334 4791 sidusque
1353 4692 1526 4769 tuorum!

639 4793 736 4876 Vive
754 4801 827 4901 piis
845 4802 1016 4876 columen
1034 4800 1335 4902 praesidiumque
1347 4800 1508 4879 scholis!

535 4906 611 4987 Nec
630 4907 751 4985 solum
768 4909 926 5001 clamat,
944 4911 1010 4984 sed
1028 4934 1150 4985 sacros
1168 4909 1327 5010 peetoris
1342 4918 1470 4985 ,aestus

639 5016 698 5112 Ad
714 5014 852 5091 summi
867 5016 967 5092 tollit
984 5017 1149 5093 numinis
1165 5041 1285 5114 usque
1302 5016 1491 5091 thronum.
