4084 6000
912 697 1124 714 ι*

823 977 1035 1121 ‘aregio
1054 1017 1207 1116 xiv,

449 1265 516 1334 quo
528 1244 704 1312 wentenum
721 1241 875 1326 queritur
892 1244 1012 1308 contra
1031 1238 1258 1308 exundantem
1278 1236 1466 1308 Danubium
1491 1235 1599 1306 1838.

443 1407 486 1524 di
504 1448 610 1523 dolor
628 1444 729 1519 ullus
746 1455 828 1520 erat
845 1447 973 1520 verbis
993 1443 1178 1538 facundus
1196 1445 1356 1537 amaris,

548 1553 658 1646 Quod
676 1562 808 1652 gemat
825 1553 888 1628 en!
909 1563 1035 1627 noster
1053 1554 1231 1650 quodque
1258 1564 1439 1648 queratur
1459 1554 1582 1628 habet.

445 1663 624 1739 Viximus
643 1659 785 1734 eximio
803 1671 1004 1734 vernantes
1020 1663 1133 1753 flore,
1151 1658 1280 1734 favere
1317 1725 1319 1730 .

550 1767 626 1860 Qui
643 1766 740 1841 mihi
759 1791 833 1841 non
851 1766 1014 1858 studuit,
1032 1767 1110 1841 iam
1128 1793 1243 1867 prope
1262 1767 1389 1842 nullus
1407 1781 1497 1842 erat.

450 1879 564 1952 Fama
582 1898 709 1950 meum
727 1884 833 1948 toto
852 1893 989 1948 nomen
1007 1875 1234 1975 vulgaverat
1253 1878 1362 1966 orbe,

551 1981 770 2059 Ambierant
788 1982 892 2055 sedes
911 1981 1042 2055 dissita
1060 1993 1152 2056 vota
1170 2007 1282 2057 meas.

338 2165 345 2182 ,
446 2090 604 2187 thuia
620 2113 711 2188 prae
729 2088 876 2163 cunctis
893 2089 1038 2187 patriae
1056 2087 1255 2188 speciosior
1273 2114 1349 2165 una

469 2233 471 2238 ⁸
552 2195 718 2273 Urbibus
736 2206 775 2270 et
793 2194 902 2295 vigui
921 2196 1185 2272 commoditate
1204 2195 1314 2291 situs3

447 2306 495 2380 Et
514 2304 604 2402 quia
622 2302 809 2403 conspicio
827 2305 1062 2378 contermina
1080 2303 1228 2394 moenia
1246 2303 1394 2394 Eudae,

552 2413 728 2488 Creverat
745 2410 835 2485 hinc
854 2410 979 2510 potior
996 2413 1154 2506 lausque
1173 2413 1358 2506 decusque
1377 2410 1482 2486 mihi.

447 2519 549 2612 Quas
568 2545 643 2594 non
662 2543 745 2619 spes
763 2516 861 2592 fovi!
880 2528 976 2615 quae
995 2518 1075 2592 vidi
1093 2519 1213 2593 lustra
1231 2517 1378 2619 futura!

551 2624 720 2718 Quilibet
737 2637 781 2702 ut
799 2625 944 2702 studuit
962 2652 1022 2702 me
1042 2651 1209 2701 recreare
1229 2625 1345 2700 diesl‘
1381 2657 1382 2662 ¹
1480 2633 1483 2638 ’

449 2734 480 2810 Ο
499 2734 646 2831 quoties
664 2733 750 2808 dixi
768 2734 963 2834 surgentia
981 2733 1148 2810 culmina
1160 2749 1339 2824 cernens,

553 2840 643 2916 Esse
661 2841 746 2937 quis
764 2841 858 2916 haec
875 2841 1171 2943 unquam‘regia
1190 2853 1290 2916 tecta
1308 2845 1448 2942 neget?

449 2948 481 3026 Ο
500 2949 648 3045 quoties
665 2948 750 3023 auri
769 2960 807 3024 et
824 2973 1061 3050 gemmarum
1081 2960 1191 3049 capta
1208 2948 1329 3024 nitore
1400 2955 1402 2962 ’

553 3056 664 3132 Dixi:
683 3055 760 3130 huc
777 3057 954 3132 Pactolus
972 3056 1075 3131 misit
1094 3068 1131 3131 et
1149 3058 1264 3131 Indus
1283 3057 1388 3155 opes!

423 3231 426 3236 ,
449 3165 546 3243 Nam
564 3163 660 3239 mihi
678 3188 747 3239 cur
765 3162 896 3264 populi
913 3175 1145 3239 memoretur
1164 3166 1278 3239 densa
1297 3162 1502 3262 frequentis

556 3271 697 3363 Turba,
715 3272 838 3371 gradu
857 3285 1015 3371 propero
1035 3296 1223 3347 marmora
1241 3272 1387 3368 quadra
1406 3273 1556 3353 terens?

451 3375 553 3470 Quid
571 3378 727 3470 choreas
745 3375 907 3453 referam
925 3378 1113 3479 geniales,
1134 3378 1276 3475 quidve
1293 3378 1454 3469 theatra,

557 3488 702 3582 Araque
713 3487 823 3583 quod
841 3486 1027 3561 excellens
1047 3486 1324 3586 ingeniumque
1341 3485 1469 3585 parit?
1531 3479 1542 3523 ³

452 3594 522 3671 His
541 3618 634 3695 ego,
652 3616 721 3668 ceu
739 3592 875 3668 Libani
893 3596 1027 3669 cedrus
1045 3590 1230 3685 formosa,
1250 3596 1427 3667 decorum

559 3700 792 3778 Sustuleram
811 3700 956 3775 meritis
975 3700 1237 3802 conspicienda
1255 3711 1379 3800 caput.

455 3807 558 3886 Heu!
577 3808 675 3884 nihil
693 3808 869 3883 humanis
887 3809 1065 3883 mortales
1085 3807 1224 3885 credite
1242 3808 1373 3883 rebus!

559 3915 639 3991 Vix
657 3917 769 3990 modo
788 3917 890 4011 quod
908 3916 1057 3992 salvum
1075 3916 1218 3991 dixeris
1236 3940 1314 3990 esse
1327 3914 1437 4008 ,tuin
1564 3983 1566 3989 .

453 4026 546 4102 Tam
565 4023 639 4098 cito
657 4048 732 4116 non
750 4022 858 4098 verni
876 4024 1186 4125 praetervolitare
1204 4034 1350 4124 tepores

558 4130 634 4208 Nec
654 4130 831 4207 cecidisse
848 4131 944 4205 rosis
962 4132 1044 4206 vita
1063 4130 1251 4233 vigorque
1269 4132 1382 4227 solet3

454 4239 547 4315 Tam
566 4238 640 4313 cito
658 4263 734 4313 non
752 4234 880 4323 fumus
897 4249 1028 4313 tenues
1047 4238 1216 4313 vanescit
1235 4238 1275 4313 in
1293 4263 1424 4325 auras,
1551 4268 1552 4273 ¹

559 4344 684 4437 Quam
702 4343 798 4421 mihi
816 4345 985 4445 disperiit
1002 4369 1161 4444 spesque
1179 4348 1364 4443 decorque
1383 4344 1466 4420 cito.

456 4454 525 4531 Illa
544 4478 615 4554 ego
633 4452 836 4554 pannonici
853 4452 1107 4557 pulcherrima
1124 4453 1247 4555 gloria
1264 4453 1388 4555 regni,

560 4560 679 4636 Musis
697 4558 896 4650 delicium,
915 4559 1158 4659 iustitiaeque
1177 4558 1288 4657 foris3

453 4667 660 4770 Exemplar
678 4665 811 4767 patriis
829 4668 1047 4761 conatibus,
1066 4667 1241 4764 almaque
1259 4678 1401 4762 mater3

561 4776 747 4853 Consenui
766 4775 846 4852 fato
863 4774 1112 4877 praecipitata
1128 4796 1221 4850 mec.

456 4884 654 4983 Eloquar?
674 4908 722 4958 an
740 4884 872 4959 sileam
890 4883 1059 4959 crudeles
1076 4883 1153 4957 icta
1171 4884 1347 4973 dolores?

560 4989 730 5072 Inveniet
748 4989 870 5071 iustus
888 5017 981 5071 num
999 5016 1068 5066 sua
1084 4993 1203 5067 verba
1221 4990 1357 5067 dolor?
