4084 6000
1055 574 1103 646 32

499 782 546 857 Et
564 793 680 879 quota
698 809 784 883 pars
802 784 896 856 haec
914 795 1021 877 sunt,
1040 809 1204 880 quorum
1222 793 1328 876 (oum
1346 786 1511 885 plurima
1529 799 1638 862 nocte

605 891 739 964 Pressa
756 891 851 965 velis
869 891 1002 982 tacita)
1023 892 1171 968 conscia
1188 896 1301 968 turba
1319 897 1480 970 sumus‘?

498 998 708 1072 Innumeris
726 1009 789 1090 tu,
807 1022 886 1072 sors
905 1023 972 1072 seu
990 1023 1084 1095 quos
1102 1000 1258 1075 divexat
1276 1001 1407 1096 iniqua

604 1103 690 1180 Sive
708 1105 802 1180 fides
821 1117 969 1199 nutare,
987 1118 1119 1206 portus
1138 1119 1176 1182 et
1194 1133 1259 1182 ara
1277 1119 1393 1210 pates.

498 1214 579 1288 Hoc
597 1210 710 1305 facit,
728 1224 773 1287 ut
790 1213 910 1287 vitam
928 1213 1040 1289 multi
1059 1239 1261 1311 caramque
1280 1217 1439 1291 salutem
1462 1253 1464 1256 ·

601 1319 686 1395 Iure
704 1320 802 1395 tibi
819 1331 931 1420 grata
949 1333 1074 1396 mente
1093 1321 1231 1397 referre
1251 1334 1401 1419 queant.

498 1428 579 1502 Hoc
598 1424 710 1520 facit,
728 1438 791 1520 ut,
810 1428 907 1526 uuili
926 1454 1013 1503 cum
1032 1429 1081 1503 sis
1099 1431 1242 1528 pietate·
1259 1433 1463 1522 secunduS,

601 1534 762 1611 Aemula
780 1535 855 1608 non
871 1536 1001 1635 paucis
1020 1549 1172 1636 pectora
1190 1533 1316 1613 fervor
1330 1550 1435 1637 agat.

497 1640 627 1732 Quid?
647 1644 768 1738 quod,
787 1642 893 1716 lucra
910 1644 974 1717 De
985 1669 1006 1717 o
1017 1655 1063 1718 et
1081 1645 1224 1744 patriae
1242 1644 1433 1737 facturus,
1452 1655 1604 1743 egentes

602 1750 646 1822 In
665 1759 831 1823 matrum
849 1751 1181 1850 soboles-praemia
1199 1754 1306 1852 larga
1325 1751 1428 1826 facis.

496 1854 690 1933 Cernimus
708 1883 728 1930 e
747 1866 915 1930 vestro
934 1868 992 1931 ter
1010 1860 1124 1933 denos
1143 1884 1298 1933 munere
1317 1858 1434 1935 musis

602 1965 767 2038 Devotos
786 1960 920 2058 quovis
938 1964 1068 2040 vivere
1086 1991 1194 2068 posse
1213 1965 1288 2041 diej

495 2068 572 2146 Nec
589 2082 668 2144 tam
688 2095 778 2145 cura
796 2081 880 2144 tua
899 2076 968 2165 es't,
987 2071 1058 2147 sita
1077 2067 1173 2168 quae
1193 2073 1306 2148 estin
1325 2097 1477 2172 corpore
1496 2071 1575 2144 vita

436 2249 439 2254 .
564 2229 570 2242 ·
600 2177 683 2253 Hoc
702 2175 850 2278 fragili,
869 2180 1044 2279 quamvis
1062 2180 1156 2255 haec
1175 2204 1325 2276 quoque
1345 2205 1435 2254 cura
1453 2191 1519 2254 tua
1539 2189 1618 2275 est,

495 2284 620 2377 Quam
639 2286 782 2362 sobolis¹
794 2297 944 2367 tenerae
962 2286 1081 2362 vitam
1095 2311 1232 2362 curare
1250 2311 1470 2387 perennem,

601 2391 704 2467 Haeo
722 2391 893 2492 princeps
910 2406 1078 2468 vestro
1096 2405 1248 2494 pectore
1266 2419 1357 2468 cura
1376 2394 1496 2468 sedet!

495 2499 557 2575 Nil
574 2500 694 2600 igitur
710 2498 871 2597 mirum,
889 2501 1049 2598 pulchro
1069 2500 1101 2574 si
1119 2503 1253 2576 ductus
1272 2526 1419 2594 amore,

600 2608 703 2681 Inter
719 2606 911 2681 balantem
929 2607 1090 2682 cerneris
1108 2607 1214 2706 ipse
1233 2615 1399 2708 gregem.
1470 2647 1474 2656 ·

496 2711 728 2809 Alloqueris,
746 2712 942 2807 stimulas,
957 2718 1171 2811 donesque,
1189 2717 1395 2812 docesque,
1413 2739 1627 2814 monesque.

601 2819 725 2911 Quam
744 2819 827 2918 pia,
847 2846 962 2917 quam
979 2832 1084 2915 tanto
1104 2820 1205 2897 facta
1223 2825 1357 2898 decora
1375 2823 1506 2898 virol
1554 2827 1555 2830 ’

496 2925 588 3018 Quis
607 2939 723 3030 neget
737 2926 827 3003 hinc
847 2928 964 3004 iustos
983 2955 1161 3030 superum
1180 2930 1325 3007 venisse
1345 2927 1513 3022 savonae,

601 3034 715 3126 Queis
734 3035 863 3109 viridis
882 3038 1031 3112 vobis
1043 3048 1151 3113 tanta
1170 3039 1450 3113 senectafluitt

496 3144 564 3218 Ille
581 3142 695 3242 vigor
713 3142 870 3244 mentis,
888 3142 1072 3219 facundae
1088 3144 1217 3245 gratia
1235 3144 1409 3246 linguae,
1483 3180 1485 3185 ·
1531 3196 1533 3211 ·

600 3251 787 3324 Innocuae
804 3250 908 3332 vitae
926 3251 1047 3325 rarior
1064 3249 1130 3325 ille
1149 3262 1267 3349 tenor.

495 3357 695 3459 Ingenium
713 3357 828 3433 sacris
848 3358 993 3433 cultum
1010 3358 1224 3458 pariterque
1241 3356 1408 3458 profanis
1444 3409 1446 3417 s

600 3464 771 3566 Iuribus,
788 3464 829 3538 in
847 3465 952 3539 duris
971 3464 1124 3565 spiritus
1142 3464 1206 3539 ille
1225 3477 1366 3564 potens.
1410 3545 1414 3551 ,

496 3567 732 3667 Cunctaque,
751 3570 857 3667 queis
875 3571 974 3647 inter
989 3574 1096 3649 velut
1113 3573 1221 3673 ignes
1239 3573 1331 3649 luna
1348 3570 1534 3665 minores,
1632 3595 1636 3609 ’

599 3677 792 3779 Effulges,
811 3680 949 3759 summi
967 3679 1061 3776 quid
1079 3680 1152 3753 nisi
1171 3682 1269 3754 dona
1287 3679 1411 3755 Deir
1501 3690 1504 3697 '
1528 3718 1529 3725 1

495 3786 544 3860 Et
562 3786 764 3881 quisquam
783 3786 930 3861 dubitet
948 3786 1358 3885 diviso'iurepraeesse

601 3892 824 3985 Coelicolas,
843 3904 957 3990 atque
976 3894 1066 3987 hos,
1085 3894 1150 3990 qui
1165 3906 1319 3973 wtenuere
1338 3894 1470 3969 vices‘?
1510 3930 1511 3937 ¹

496 4000 546 4074 At
565 3998 596 4074 si
615 4024 708 4095 quos
727 4000 807 4075 divi
826 4004 1050 4076 decorarunt
1068 4002 1238 4094 dotibus,
1256 4001 1340 4077 illos

600 4107 744 4208 Deligit
762 4118 799 4184 et
815 4134 952 4209 regum
968 4110 1282 4211 prosequiturque
1301 4108 1420 4183 favor.

496 4214 563 4288 Est
580 4214 725 4310 liquido
744 4216 888 4290 cunctis
906 4216 1057 4316 praesul
1074 4225 1258 4304 teramate
1278 4227 1446 4307 tuorum,
1539 4252 1544 4261 ·
1628 4282 1633 4292 .

482 4322 484 4326 ’
602 4320 726 4412 Quam
745 4322 887 4397 fuerint
905 4322 1048 4399 meritis
1068 4324 1225 4399 numina
1242 4348 1367 4423 prona,
1378 4322 1453 4399 tui
1463 4346 1496 4395 s*

495 4429 653 4503 Illorum
672 4428 782 4505 favor
798 4440 855 4505 est
873 4430 1001 4507 lustris
1019 4430 1078 4505 bis
1097 4432 1263 4527 quinque
1282 4429 1461 4530 perantia,
1491 4497 1494 4504 s

600 4534 792 4613 Primitias
810 4564 960 4617 rursum
978 4562 1086 4638 passe
1105 4538 1213 4613 litare
1225 4539 1332 4635 Deo,
1526 4546 1528 4551 ’

496 4642 654 4718 Illorum
672 4642 782 4720 favor
795 4656 874 4739 est,
892 4644 1029 4747 grandi
1047 4655 1093 4720 te
1105 4672 1266 4722 munere
1284 4644 1396 4746 fungi

601 4749 757 4827 Viribus
774 4750 968 4853 integrum
986 4755 1237 4852 praesulis
1256 4764 1368 4848 atque
1386 4750 1565 4851 patris:

496 4856 598 4948 Quin
616 4855 731 4932 etiam
749 4860 893 4958 patriae
911 4871 1062 4960 patrum
1073 4864 1182 4956 :quod
1200 4860 1351 4935 fervida
1365 4870 1455 4935 vota

600 4966 806 5041 Promscris
824 4968 978 5070 augusti
996 4967 1173 5067 principis
1192 4978 1278 5042 ante
1296 4967 1496 5064 thronum,
