4084 6000
861 645 1041 730 λ23

434 860 641 951 Attonitae,
659 857 779 932 cernis
797 868 938 953 quanta
954 858 1168 958 indignatio
1186 869 1348 951 mentae,

540 965 690 1057 Quanta
708 965 828 1066 agitet
845 966 1003 1065 populos
1023 965 1235 1042 sollicitudo
1252 966 1355 1066 piosl
1453 965 1456 973 ’

434 1074 593 1152 Cernis?
611 1098 708 1170 quae
727 1072 834 1146 divos
852 1082 1063 1148 consternet
1081 1098 1172 1148 cura
1190 1074 1381 1173 parentes!

537 1179 674 1272 Qualia
691 1205 761 1280 pro
779 1180 884 1255 dulci
900 1180 1060 1280 pignore
1077 1192 1168 1256 vota
1187 1180 1329 1255 ferant!

435 1290 538 1366 Proh
557 1288 701 1389 superii
720 1288 793 1362 hoc
811 1296 961 1363 tantum
980 1288 1153 1386 precibus
1172 1289 1363 1365 concedite
1383 1287 1495 1380 fusis,

538 1395 728 1495 Diripiunt
738 1395 883 1477 celeres
901 1420 949 1468 ne
960 1398 1068 1489 ¹bona
1085 1399 1204 1473 verba
1221 1396 1320 1474 Noti.
1416 1461 1417 1468 ,
1444 1465 1445 1470 ,

432 1503 587 1579 Audior.
606 1502 682 1578 Enl
701 1503 822 1600 latum
840 1514 984 1578 recreat
1001 1528 1151 1582 rumore
1170 1506 1332 1579 secundo

538 1611 656 1702 Fama
674 1613 822 1702 orbem,
841 1609 985 1685 cunctis
1003 1609 1107 1684 fama
1125 1612 1253 1712 cupita
1270 1612 1389 1688 bonis

433 1718 520 1794 Flos
537 1730 575 1794 et
593 1743 700 1794 amor
717 1717 849 1811 saecli,
868 1742 997 1794 caesar
1012 1718 1282 1794 Francisce
1300 1719 1528 1817 Iosephe,

537 1827 624 1902 Huc
641 1828 751 1917 ades,
769 1835 882 1921 atque
898 1825 1015 1901 animi
1033 1828 1209 1927 symbola
1226 1837 1329 1903 certa
1346 1826 1452 1901 vide!

432 1933 608 2031 Undique
626 1959 702 2030 qno
720 1933 841 2008 maior
858 1932 983 2009 fuerat
999 1934 1198 2030 luctusque
1216 1935 1424 2031 timorque,

537 2041 707 2141 Amplior
723 2041 796 2115 hoc
815 2041 948 2142 gaudii
964 2052 1021 2116 est
1038 2040 1276 2138 laetitiaeque
1295 2067 1410 2142 seges.

433 2149 560 2246 thue
577 2148 692 2224 maris
710 2148 834 2224 ventis
850 2149 961 2223 dulce
978 2159 1035 2224 est
1054 2150 1249 2246 saevisque
1266 2151 1450 2249 procellae

537 2255 733 2333 Fluctibus
750 2267 899 2357 ereptae
917 2256 1007 2332 litus
1026 2257 1130 2332 adire
1146 2258 1238 2335 rati:

433 2362 516 2441 Non
534 2364 658 2439 minus
676 2364 890 2463 incolumen
907 2374 953 2438 te
971 2374 1009 2438 et
1028 2389 1145 2440 verno
1163 2367 1255 2440 flore
1274 2365 1475 2457 nitentem,

538 2471 591 2548 Ut
607 2472 733 2571 prins,
751 2497 774 2545 o
792 2470 939 2546 caesar!
959 2472 1069 2548 dulce
1086 2472 1215 2547 videre
1232 2472 1318 2546 tuis

431 2579 581 2655 Laetior
597 2578 687 2654 hinc
700 2579 858 2659 iamiam
876 2603 959 2679 spes
976 2581 1172 2678 deplorata
1185 2579 1370 2680 resurgit3

537 2685 591 2763 Ut
608 2687 702 2760 solet
719 2683 862 2762 adfusis
872 2711 1036 2787 ‚surgere
1055 2712 1213 2788 gramen
1231 2686 1349 2782 aquis.

435 2790 537 2886 Quin
552 2794 673 2894 pietas
690 2803 728 2870 et
744 2804 851 2868 amor
867 2818 906 2867 se
925 2794 1065 2893 passim
1084 2796 1240 2892 prodere
1259 2805 1422 2885 certant,

536 2901 745 3002 Regnaque
764 2925 852 2976 cum
869 2901 1018 3001 populis
1037 2902 1186 2976 aemula
1205 2926 1295 2976 cura
1307 2899 1427 2976 “fovet

431 3007 507 3085 Nec
526 3008 615 3084 satis
633 3020 690 3084 est
707 3008 810 3083 coelo
828 3008 977 3086 votivas
995 3011 1150 3092 reddere
1170 3019 1315 3109 grates,
1359 3016 1360 3019 ’

536 3116 698 3218 Largius
715 3126 754 3191 et
770 3115 900 3216 positis
919 3117 1008 3192 thus
1027 3117 1174 3191 adolere
1193 3114 1298 3191 socie.

431 3223 506 3300 Nec
525 3224 614 3299 satis
631 3224 672 3299 in
688 3223 814 3299 tacitis
832 3223 1285 3325 propriisqnepenatibus
1304 3220 1374 3298 ulli
1393 3234 1467 3317 est,

535 3329 694 3407 Nullum
710 3331 874 3407 laetitiae
893 3358 1031 3431 ponere
1049 3332 1146 3407 velle
1166 3333 1332 3407 modum.

431 3439 610 3518 Certatim
628 3448 780 3533 coeunt,
798 3439 990 3536 animique
1007 3440 1151 3515 tributa
1169 3439 1291 3514 locare
1355 3502 1357 3507 .

537 3548 633 3622 Ante
650 3556 762 3622 tuum
779 3558 1001 3647 properant,
1017 3570 1189 3621 caesar
1207 3557 1350 3639 amate,
1369 3548 1560 3623 thronum.

431 3654 542 3732 Forte
558 3652 674 3729 fidem
691 3654 843 3754 poscis‘l
862 3652 952 3730 fidei
969 3658 1194 3730 documenta
1211 3652 1356 3731 videbis

535 3764 581 3837 In
596 3762 731 3837 merito
749 3762 853 3864 leges
871 3787 1017 3862 semper
1035 3762 1176 3837 honore
1193 3770 1288 3836 tuas.
1311 3826 1313 3831 .

431 3870 481 3946 Te
500 3872 614 3946 decus
630 3868 779 3968 imperii
796 3879 833 3944 et
849 3887 1062 3971 regnorum·
1071 3868 1224 3969 publica
1242 3878 1409 3968 tangent¹

535 3977 770 4053 Commoda?
789 3987 995 4079 tangentur
1013 3975 1210 4051 sedulitate
1229 3975 1322 4073 pari.

431 4086 474 4161 In
491 4085 593 4161 vitae
611 4094 651 4161 et
666 4084 799 4185 capitis
816 4084 1033 4161 discrimina
1051 4082 1232 4158 iusseris?
1251 4082 1371 4161 ibunt.

537 4191 701 4293 Sanguis
717 4190 893 4292 profusus
912 4190 1050 4292 pignus
1070 4189 1206 4265 amoris
1225 4189 1306 4263 erit.

430 4298 505 4375 Nec
524 4302 701 4393 deerunt,
718 4300 862 4375 laetum
879 4300 981 4375 hunc
999 4298 1132 4399 patriis
1150 4297 1216 4393 qni
1235 4300 1383 4371 credere
1402 4294 1507 4370 fastis

535 4406 758 4484 Etmemori
776 4408 929 4513 cupiant
945 4432 1031 4481 aere
1049 4415 1178 4481 notare
1196 4404 1306 4481 diem.
1355 4440 1358 4460 ι

430 4515 547 4593 Plura
563 4515 692 4590 valent
709 4514 785 4591 alii.
804 4514 910 4591 Fidei
927 4540 995 4614 per
1012 4514 1162 4587 saecula
1179 4512 1284 4587 testis

537 4622 569 4700 Ο
586 4621 735 4697 utinam
751 4646 923 4713 maneas,
941 4645 1060 4719 parva
1078 4620 1235 4711 Thalia,
1254 4617 1379 4696 meae!
1454 4616 1457 4624 ’

906 4907 1116 4930 .-.-,-.-’,,---η
