4084 6000
1011 610 1087 686 142

467 826 591 921 Atque
610 823 677 898 ubi
694 823 772 896 iam
790 821 894 897 vitae
910 822 1077 898 melioris
1096 823 1246 899 transiit
1262 835 1383 916 aetas,
1519 887 1521 894 .
1589 865 1593 872 ·

574 930 783 1007 Succedens
801 929 916 1019 tacito
934 955 1053 1005 curva
1071 943 1219 1006 senecta
1236 933 1348 1031 pede,

468 1038 622 1114 Munere
641 1035 828 1112 defunctis
846 1039 941 1112 duro
959 1040 1158 1114 succedere
1176 1040 1339 1139 gaudet,

573 1143 648 1235 Qui
665 1144 806 1220 similes
824 1147 937 1221 obeat
954 1156 1056 1221 sorte
1074 1172 1263 1243 manuque
1282 1146 1394 1222 vices.

467 1250 549 1327 Non
567 1254 669 1351 apud
687 1252 757 1328 hos
774 1265 893 1326 vexat
910 1253 1106 1353 privignos
1125 1266 1244 1329 matre
1263 1265 1453 1347 carentes,

570 1358 714 1460 Dirigit
731 1371 935 1460 angustam
953 1359 1064 1457 siqua
1081 1384 1243 1436 noverca
1261 1362 1427 1437 domum.
1513 1435 1515 1440 ,

466 1462 540 1541 Nec
559 1467 661 1567 regit
677 1465 847 1566 imperiis
864 1467 1005 1546 coniux
1023 1470 1153 1544 dotata
1172 1467 1372 1562 maritum,
1464 1509 1466 1516 ¹

569 1573 646 1649 Nec
665 1573 803 1649 nitidos
821 1574 970 1671 quaerit
988 1573 1129 1650 femina
1145 1574 1254 1650 vafra
1271 1601 1414 1675 procos.

465 1679 622 1777 Siquam
640 1679 713 1756 fert
732 1683 858 1756 dotem
876 1681 987 1783 virgo
1005 1693 1192 1783 nuptura,
1209 1693 1410 1783 parentum

570 1786 636 1865 Est
653 1787 775 1864 virtus
792 1788 937 1863 cunctis
954 1788 1037 1864 iure
1055 1792 1214 1889 probata
1232 1790 1352 1865 bonis.

464 1894 617 1988 Virtus,
635 1919 733 1993 quae
751 1906 853 1971 caste
870 1896 1026 1971 socialia
1044 1894 1196 1974 foedera
1213 1909 1358 1995 servat3

569 2002 714 2096 Fortis,
733 2022 848 2101 quam
865 2014 992 2103 patret
1010 2003 1168 2079 crimina
1186 2015 1305 2096 tetra,
1323 2006 1431 2084 mori.

464 2108 496 2186 Ο
515 2111 653 2208 quibus
671 2122 728 2185 est
744 2111 850 2186 cordi
867 2135 999 2186 saevas
1017 2133 1253 2211 compescere
1270 2114 1421 2205 caedes,
1457 2201 1462 2210 ¹

567 2216 616 2293 Et
633 2217 777 2294 rabiem
793 2218 926 2318 populi
942 2218 1201 2318 composuisse¹
1213 2219 1285 2294 sui.

462 2323 539 2416 Qui
554 2327 701 2427 gaudet
718 2326 854 2401 statuis
873 2326 1021 2402 ornari:
1040 2326 1174 2404 tollere
1191 2337 1316 2418 curet,
1364 2395 1366 2400 .

568 2431 674 2525 Quae
691 2433 816 2509 nullos
834 2447 995 2526 norunt,
1012 2431 1113 2508 facta
1131 2432 1318 2526 nefanda,
1334 2433 1475 2510 modos.

399 2530 404 2542 ’
463 2539 524 2616 Sic
540 2541 643 2642 grati
661 2541 1118 2638 quondamcelebrabunt
1135 2541 1218 2618 iure
1236 2551 1409 2642 nepotes:
1431 2583 1434 2590 ·

568 2648 722 2740 (Iustior
740 2650 790 2725 ad
806 2649 1000 2724 tumulum
1017 2647 1142 2750 gloria
1160 2647 1300 2749 quippe
1317 2647 1441 2740 venit)
1463 2731 1464 2736 ,

460 2753 596 2832 Invida
612 2755 797 2833 virtutem
815 2767 993 2858 vegetam
1010 2781 1110 2854 quae
1127 2755 1263 2857 lingua
1279 2756 1448 2849 lacessit,

566 2863 763 2940 Sublatam
781 2889 833 2941 ax
850 2864 968 2941 oculis
986 2888 1167 2962 quaerere
1185 2863 1416 2964 saepe-solet.
1512 2883 1514 2886 ’

459 2966 560 3062 Quid
578 2971 686 3050 iuvat
704 2972 848 3049 interea
864 2971 992 3052 tristes
1009 2972 1146 3049 iterare
1164 2970 1358 3069 querelas,
1438 3016 1441 3021 ·
1517 3024 1519 3033 ι

566 3079 606 3155 Si
624 3082 759 3182 culpae
776 3083 901 3156 tardet
917 3105 1038 3180 poena
1055 3080 1186 3155 venire
1204 3081 1358 3159 comes?

461 3186 536 3261 Aut
555 3187 648 3284 quid
665 3186 851 3288 profuerit
866 3187 1000 3288 legum
1018 3189 1168 3263 decreta
1185 3187 1336 3280 tulisse,
1387 3229 1396 3257 ⁴

566 3293 605 3369 Si
622 3294 753 3370 niveos
770 3320 892 3371 mores
909 3294 1015 3370 haud
1025 3319 1212 3371 revocare
1229 3296 1399 3392 queant?

459 3398 542 3475 Non
559 3426 646 3501 pars
665 3400 878 3478 immodicis
896 3401 1042 3478 inclusa
1061 3402 1249 3479 caloribus
1268 3412 1392 3494 arcet,

563 3508 718 3584 institor
734 3510 832 3604 hanc
850 3508 1004 3610 propius
1022 3509 1225 3606 quominus
1244 3508 1298 3585 ire
1316 3510 1420 3585 velit.

460 3614 619 3691 Frustra
635 3615 751 3692 etiam
768 3616 934 3719 rigidam
951 3627 1094 3691 tractus
1113 3618 1306 3695 submovit
1324 3619 1373 3692 ad
1390 3618 1529 3692 Arcton

565 3723 769 3800 Terrarum
787 3723 983 3816 dominus,
1002 3722 1287 3826 frigoribusque
1304 3724 1461 3825 premit:
1582 3790 1584 3797 .

459 3830 498 3907 Si
517 3827 660 3931 frigus,
678 3831 840 3933 glaciem
858 3842 1066 3925 mercator,
1084 3830 1172 3906 solis
1192 3842 1228 3907 et
1246 3832 1354 3933 ignes

564 3939 746 4033 Vincere,
766 3964 830 4040 spe
848 3939 945 4014 lucri
963 3949 1021 4014 sat
1038 3964 1242 4040 generosus
1262 3938 1342 4014 erit.

459 4044 608 4122 Scilicet
626 4046 872 4150 opprobrium
890 4057 946 4122 est
964 4050 1036 4122 sub
1053 4070 1219 4146 paupere
1237 4046 1367 4123 vivere
1385 4056 1504 4121 tecto:

563 4155 645 4229 Hoc
663 4153 791 4230 fatuus
811 4152 961 4254 fugiens
979 4178 1092 4229 saeva
1110 4152 1250 4253 pericla
1268 4153 1372 4254 petit.

457 4259 533 4336 Nec
552 4262 662 4338 satis:
682 4272 721 4337 et
737 4260 890 4359 quidvis
909 4261 1024 4336 etiam
1043 4286 1118 4336 non
1136 4260 1255 4361 digna
1272 4271 1425 4361 paratus

562 4370 696 4463 Ferre,
714 4381 752 4444 et
769 4368 923 4462 virtutis
940 4368 1111 4466 linquere
1131 4380 1254 4443 castra
1272 4370 1379 4444 celer.

458 4474 681 4553 Nostrorum
698 4476 731 4551 si
749 4501 821 4572 noe,
835 4477 1020 4550 scelerum
1038 4477 1134 4549 benc
1151 4475 1337 4574 poenitet,
1355 4476 1493 4550 h'orum

561 4582 702 4659 Eradat
719 4583 863 4659 vindex
881 4582 1005 4683 prima
1024 4582 1206 4657 elementa
1224 4606 1369 4659 manus.

456 4691 555 4767 Hinc
573 4715 763 4791 gemmas,
781 4690 945 4791 lapides,
963 4714 1100 4766 aurum
1119 4714 1269 4787 quoque
1287 4690 1440 4781 inutile,
1459 4714 1619 4782 summr,

562 4797 646 4891 Quo
664 4799 893 4899 premimur,
911 4822 1083 4874 caussam
1101 4797 1374 4895 materiamque
1392 4797 1503 4873 mali:

456 4905 542 4998 Quo
559 4930 683 4982 comes
701 4900 732 4982 it
750 4905 859 4983 favor
876 4916 915 4983 et
933 4907 1096 4996 clamor,
1115 4904 1290 5003 capitolia
1309 4904 1454 4979 adalta

562 5014 781 5109 Portemus,
799 5014 918 5091 caecis
935 5014 997 5089 vel
1015 5013 1251 5087 tumulemus·
1266 5012 1386 5109 aquis.
1437 5078 1439 5083 .
1501 5038 1507 5083 .·
