4084 6000
453 825 546 905 Vidi
564 849 673 929 saepe
689 835 798 903 tuum
815 825 1045 928 genitorem,
1063 833 1233 926 tempora
1251 849 1409 920 cenum,

536 935 633 1010 Ante
652 959 737 1010 aras
753 937 854 1013 flexo
872 933 1114 1036 procubuisse
1131 959 1245 1034 genu.

455 1042 600 1121 Hortus
619 1053 727 1118 erant
744 1042 822 1136 illi,
841 1054 923 1117 tum
941 1042 1054 1116 vinea
1072 1041 1248 1142 proxima
1265 1049 1435 1133 nostrae,

535 1151 623 1228 Huc
642 1152 796 1226 solitum
814 1150 895 1225 vidi
913 1165 1166 1249 saepe'meare
1185 1173 1331 1246 senem3

455 1257 532 1335 Nec
551 1260 691 1335 solum:
711 1258 885 1334 manibus
904 1283 991 1332 nam
1009 1283 1115 1333 sacra
1133 1257 1275 1332 roseria
1293 1267 1438 1358 gestat,

464 1359 471 1371 ’
534 1366 780 1467 Angelicique
798 1367 911 1440 iteret
929 1365 1076 1466 saepius
1095 1365 1171 1440 oris
1191 1365 1319 1459 „Avc“
1482 1371 1484 1378 ’

454 1473 629 1572 Dumque
647 1476 803 1550 domum
820 1473 977 1574 repetit,
1004 1497 1158 1548 resonae
1177 1471 1433 1550 modulamine
1451 1472 1555 1552 vocis

535 1582 705 1660 Concinit
724 1582 764 1656 in
782 1581 933 1674 laudes,
951 1580 1074 1682 Virgo
1092 1579 1234 1675 Maria,
1258 1591 1353 1656 tues,

456 1689 574 1791 Saepe
592 1689 748 1765 viden’?
768 1689 920 1790 genitor
937 1688 1037 1763 dixit
1055 1713 1183 1764 meus:
1202 1688 1273 1764 ista
1291 1688 1442 1788 probari
1526 1779 1530 1789 ι

536 1797 629 1889 Quis
648 1796 797 1872 dubitet
816 1795 974 1872 summis
991 1807 1083 1872 vota
1100 1821 1302 1896 precesque
1322 1796 1449 1896 polis?

457 1905 627 1999 Credito,
645 1915 754 1980 nate:
773 1913 901 1979 monet
917 1905 1013 1979 tales
1031 1903 1241 1980 benedictio
1260 1903 1375 1998 coeli,

535 2011 641 2104 Quae
660 2012 773 2087 simul
791 2012 830 2086 in
849 2012 994 2101 soboles
1012 2011 1104 2104 ibit,
1123 2021 1257 2109 eatque
1277 2011 1371 2111 pias..

453 2120 565 2196 Dicta
582 2120 676 2195 fides
694 2122 840 2219 probat.
860 2119 925 2194 eni
944 2129 1052 2194 tanta
1069 2119 1214 2207 virtuto
1228 2128 1422 2220 parentem
1484 2147 1492 2162 ·

535 2229 611 2304 Ceu
630 2226 868 2333 redituum,
886 2239 924 2302 te
942 2253 1008 2302 nos
1028 2228 1218 2303 celebrare
1233 2228 1352 2303 iuvat.

454 2336 586 2429 Felix,
605 2334 671 2433 qui
689 2335 855 2430 sequeris
873 2335 1039 2435 vestigia
1057 2334 1217 2436 pulchra
1236 2335 1421 2435 panentu,¹

533 2442 609 2536 Qui
627 2453 776 2543 poteras
794 2442 882 2517 talis
899 2442 1002 2516 filius
1020 2467 1099 2519 esse
1119 2443 1254 2543 patris!
1319 2495 1323 2506 ι

315 2613 320 2620 ,
451 2551 552 2645 Quin
570 2552 693 2641 huno,
712 2550 806 2647 quin
823 2551 920 2626 alios
935 2549 1008 2625 hac
1027 2551 1148 2627 vincis
1168 2551 1301 2644 laude,
1318 2550 1522 2654 Georgi,

533 2658 658 2752 Quam
674 2657 748 2734 tibi
766 2684 840 2733 non
857 2658 998 2734 iustam
1015 2659 1116 2733 livor
1136 2669 1173 2734 et
1190 2658 1269 2759 ipse
1288 2668 1413 2761 neget.

452 2766 602 2844 Scilicet
618 2766 858 2866 exemplum,
883 2765 1007 2841 sinon
1027 2765 1204 2858 imiteriS,
1223 2768 1422 2866 adeptum,

528 2874 632 2950 Heu!
652 2874 764 2949 citius
782 2884 950 2975 praeter,
969 2900 1085 2972 quam
1103 2874 1197 2949 levis
1216 2876 1374 2968 umbra,
1392 2877 1506 2950 volat.

453 2983 644 3078 Marmora
663 2994 700 3057 et
718 3008 807 3058 aera
824 2983 919 3059 solet
936 2984 1132 3059 corrodere
1149 2982 1252 3059 lenta
1268 2993 1456 3077 vetustae,

531 3090 666 3167 Aufert
682 3100 722 3165 et
739 3090 925 3189 pretium,
943 3091 1044 3191 picta
1062 3091 1225 3183 tabella,
1243 3101 1366 3168 tuum.

450 3200 494 3274 In
513 3210 602 3291 tua,
621 3223 719 3296 quoe
735 3198 850 3275 Matri
868 3198 976 3297 ponis
994 3199 1399 3276 monumenteMariae
1452 3238 1454 3241 ·

529 3307 640 3382 Aetas
658 3306 774 3406 longa
791 3305 888 3381 nihil
904 3306 1000 3380 iuris
1018 3305 1158 3381 habere
1175 3317 1309 3409 potest.

448 3414 576 3511 thue
594 3422 690 3506 stat,
707 3423 745 3487 et
764 3413 878 3489 stabit
894 3419 1073 3513 superum
1091 3414 1231 3490 virtute
1250 3416 1445 3509 columne,

528 3520 635 3614 Quae
646 3515 800 3596 ‘summo
818 3520 939 3621 posite
957 3531 1014 3597 est
1031 3522 1191 3615 vertice,
1209 3524 1341 3617 Petro,
1358 3536 1444 3600 tuo:

450 3630 717 3707 Immaculotee
736 3638 812 3703 stat
830 3628 883 3704 sic
901 3629 1044 3730 glorie,
1067 3631 1223 3727 lausque
1241 3632 1425 3730 perennis.

528 3738 589 3815 Sic
606 3748 673 3813 tue
689 3735 821 3829 firmo,
839 3761 991 3836 precor,
1010 3748 1105 3830 stet,
1123 3750 1347 3837 maneatque
1365 3738 1470 3816 fides.

448 3846 584 3923 Sancta
600 3843 715 3938 fides,
733 3853 838 3920 tento
857 3846 1079 3922 meritorum
1097 3845 1254 3948 fulgure
1273 3848 1457 3942 cinctum,

527 3953 659 4047 Quid?
679 3952 752 4029 nisi
765 3953 975 4030 'coelituum
993 3955 1077 4031 luce
1095 3957 1207 4031 beare
1226 3956 1332 4031 soles.
1350 3996 1353 4005 ν
1482 4034 1484 4037 ,
