4084 6000
969 614 1043 686 164

368 826 549 899 Divinum
572 825 728 924 spargit.
757 823 858 915 Quin
877 825 969 900 haec
989 851 1160 921 quoque,
1179 826 1287 919 siqua
1308 839 1431 903 tamen
1452 827 1520 918 sit,

370 933 499 1022 Musa,
519 933 620 1006 domi
639 932 791 1005 latitans
810 934 969 1006 audaces
987 945 1101 1006 cauta
1118 933 1267 1006 volatus

369 1040 551 1128 Tentare,
570 1038 745 1112 exultans
764 1063 918 1114 romano
937 1050 1107 1139 tempora
1124 1053 1222 1112 serto

370 1147 512 1221 Ornata
531 1145 718 1245 assurgit,
736 1156 823 1235 tua,
841 1170 1006 1244 praeses,
1026 1144 1177 1219 nomina
1196 1146 1299 1218 coelo

330 1275 332 1278 ⁴
370 1254 582 1327 Insertura:
601 1251 676 1327 tuis
696 1251 748 1326 ibi
768 1251 887 1352 digna
904 1264 960 1326 est
977 1251 1103 1352 gratia
1121 1249 1239 1325 factis.

960 1677 1042 1750 VII.

801 1867 963 1962 nemora
981 1897 1066 1962 crini
1090 1892 1196 1963 1831.
1278 1945 1282 1954 .

369 2062 558 2200 Tempora
575 2101 686 2200 plena
703 2101 833 2199 gravis
853 2102 1026 2192 terroris,
1045 2103 1155 2200 plena
1173 2102 1360 2176 tumultus

368 2208 514 2297 Insani,
533 2218 570 2281 et
589 2210 702 2282 denso
721 2207 948 2301 squallentia
968 2205 1100 2281 funere
1120 2221 1283 2305 maestus

368 2315 454 2388 Fert
473 2314 621 2390 animus
639 2338 857 2388 memorare.
876 2313 983 2406 Poli,
1002 2314 1108 2409 queis
1128 2315 1295 2389 earmina
1312 2339 1422 2388 curae

368 2423 528 2516 Sorsque
545 2420 743 2494 hominum
763 2431 840 2511 est,
860 2433 1006 2511 nostro,
1026 2445 1176 2520 precor,
1195 2421 1384 2520 adspirate
1403 2420 1534 2494 labori.

472 2527 647 2619 Hunnia,
666 2527 775 2600 dulce
792 2527 914 2600 solum
932 2529 1098 2627 patriae,
1117 2528 1194 2600 iam
1211 2553 1278 2626 per
1295 2528 1368 2602 tria
1386 2529 1505 2603 lustra
1592 2581 1597 2592 ,

367 2635 527 2734 Optatus
545 2633 660 2707 viridi
678 2633 780 2732 pacis
798 2634 974 2708 recrearis
993 2634 1115 2730 oliva,
1229 2729 1231 2737 Α

366 2741 476 2815 Pacis
494 2766 560 2840 per
577 2741 730 2830 caedeS,
749 2765 815 2839 per
832 2739 914 2814 dira
931 2740 1102 2817 incendia
1121 2741 1230 2832 belli,

369 2850 517 2943 Perque
537 2847 617 2920 vias
636 2846 756 2920 multo
775 2844 960 2922 deformes
978 2849 1163 2948 sanguine
1182 2849 1333 2922 tandem

369 2955 428 3029 Ad
447 2967 483 3029 te
504 2952 713 3029 allabentis.
733 2952 931 3030 Cesserunt
948 2979 1071 3047 arma,
1090 2952 1291 3051 furorque,

370 3061 419 3136 Et
438 3061 539 3136 ferus
559 3060 721 3135 excessit
738 3061 860 3152 Mars,
878 3073 916 3135 et
934 3064 1076 3136 nudata
1094 3061 1232 3135 minaci

234 3182 239 3193 '
368 3167 518 3244 Casside
536 3168 612 3242 iam
630 3166 765 3243 Pallas.
784 3167 937 3257 Gladios
955 3180 992 3241 et
1009 3168 1085 3243 tela
1103 3182 1258 3243 cruenta

238 3328 242 3339 -
369 3273 563 3351 Cernimus
582 3275 624 3348 in
640 3273 755 3347 falces
772 3274 959 3349 sinuarier
977 3274 1090 3371 inque
1109 3274 1264 3375 ligones.

370 3384 413 3455 In
431 3392 573 3456 rastros
591 3384 732 3455 abeunt
748 3380 900 3456 hastae:
919 3381 995 3455 iam
1014 3405 1165 3476 uomere
1184 3406 1299 3456 curvo

368 3488 525 3563 Rustica
541 3489 711 3588 plaustra
728 3498 905 3589 gemunt,
922 3513 998 3583 qua
1016 3488 1212 3561 horrendis
1232 3513 1351 3586 nuper
1369 3501 1501 3565 onusta

371 3595 597 3671 Tormentis:
615 3616 684 3694 pro
702 3592 894 3695 belligeris
911 3593 1091 3690 lituisque
1108 3595 1285 3691 tubisque

370 3700 528 3803 Tityrus
547 3699 689 3802 agresti
706 3713 857 3775 securus
875 3700 974 3775 ludit
992 3726 1122 3775 avena.

370 3807 560 3909 Opprimit
575 3831 680 3883 arma
697 3806 815 3905 quies.
833 3807 1081 3883 Revirescunt
1099 3808 1220 3883 multa
1237 3806 1372 3903 quietis
1430 3870 1433 3877 .

371 3914 575 3992 Commoda
591 3939 659 4016 per
676 3912 807 4015 riguas
823 3915 962 4010 valles,
980 3940 1122 4014 perque
1140 3914 1278 4013 oppida
1296 3926 1334 3989 et
1352 3917 1475 3989 urbes.
1537 3918 1550 3945 ‘

370 4019 456 4113 Qua
473 4020 578 4121 prius
597 4020 750 4095 hostiles
768 4020 939 4119 equitum
955 4021 1200 4119 peditumque
1219 4033 1391 4095 catervae

370 4126 537 4204 Diffusus
554 4151 726 4226 campos,
745 4139 827 4203 sata
838 4129 963 4215 laeta,
982 4131 1171 4225 boumque
1189 4128 1334 4203 labores

372 4234 508 4311 Crudis
526 4234 722 4309 calcabant
738 4234 917 4335 pedibus,
933 4232 1184 4335 pinguissima
1200 4247 1335 4307 nutant

372 4341 480 4417 Dona
497 4364 623 4415 sacrae
640 4340 801 4416 Cereris:
819 4340 990 4415 tremulis
1007 4339 1197 4415 balatibus
1215 4365 1325 4415 auras

372 4448 520 4523 Interea
536 4446 682 4547 replent
699 4446 810 4547 agni,
828 4448 1063 4545 pecudesque
1081 4446 1239 4521 tenellae

372 4554 416 4629 Iri
434 4552 550 4653 pratis
567 4565 715 4627 teneras
731 4554 927 4627 tondentes
944 4552 1121 4629 mollibus
1138 4554 1285 4629 herbas.

373 4659 423 4735 Et
441 4662 487 4733 de
505 4660 641 4734 vicinis
658 4659 891 4734 rubicundus
909 4659 1007 4734 ridet
1024 4660 1159 4735 Iachus

374 4764 563 4860 Collibus,
582 4791 624 4841 ac
642 4765 767 4842 tristes
785 4764 893 4867 pellit
909 4767 955 4840 de
972 4779 1121 4866 pectore
1139 4792 1258 4842 curas.

479 4872 581 4950 Cana
597 4873 691 4975 fides
708 4873 901 4974 pietasque
919 4884 956 4948 et
974 4899 1123 4949 morum
1141 4874 1299 4949 candida
1317 4899 1466 4951 rursum

376 4979 602 5081 Simplicitas
620 4982 798 5073 redeunt,
817 4993 854 5054 et
870 4980 986 5054 laetos
1005 4980 1148 5079 gaudia
1166 4980 1296 5079 pennis
