4084 6000
1002 615 1077 689 150

404 835 534 932 Usque
553 856 661 934 pares
678 829 857 931 propriisl
877 830 970 905 velit
987 840 1026 904 et
1045 827 1250 930 fragrantis
1269 830 1381 903 odore

403 943 509 1044 Ungi
527 939 777 1029 malobathri,
797 961 873 1032 quo
890 949 954 1030 tu,
972 939 1079 1011 velut
1097 938 1186 1036 ipse,
1205 961 1352 1012 serenos

403 1050 571 1127 Exhales
590 1047 788 1147 operisque
806 1044 896 1118 boni
915 1057 953 1119 et
971 1044 1126 1118 virtutis
1146 1047 1287 1118 odores
1315 1067 1318 1074 ’

406 1157 622 1251 Munirique
640 1155 757 1254 pedo,
775 1151 884 1226 cuius
903 1153 1114 1227 reverentia
1133 1163 1254 1225 totum

406 1263 588 1360 Obsequii
607 1272 767 1352 moneat,
786 1259 936 1334 salvum
954 1263 1106 1355 quoque
1126 1263 1249 1332 servet
1267 1257 1385 1350 ovile3

408 1373 566 1449 Insidias
586 1368 789 1468 prohibens
807 1367 947 1459 hostie,
965 1370 1191 1462 morbosque
1211 1366 1393 1440 minaces:

407 1482 455 1556 Et
473 1503 583 1554 cruce
603 1474 741 1550 vallari
759 1484 912 1574 pectus,
931 1474 1146 1569 collumque
1166 1473 1300 1548 monili

409 1586 566 1677 Ornari,
585 1596 624 1658 11
640 1581 780 1683 digitos
799 1581 983 1655 radiantis
1001 1582 1086 1656 luce
1105 1581 1254 1683 pyropi.

414 1695 467 1771 Ut
483 1694 591 1767 velut
608 1691 722 1781 haec,
740 1700 808 1762 tua
825 1688 910 1762 vita
927 1688 1060 1781 micet,
1078 1687 1305 1788 fulgoreque
1325 1689 1445 1763 salicti

412 1801 558 1901 Urgeat
576 1798 755 1896 exempli,
773 1795 999 1895 captivaque
1017 1805 1170 1896 pectora
1187 1795 1313 1870 firmet

414 1909 492 1986 Sub
510 1930 620 1980 cruce
638 1929 707 2004 pro
723 1904 827 1977 coelo
847 1901 899 1976 nil
919 1902 1122 1978 formidare
1140 1903 1289 1977 laboria

411 2015 651 2092 Timotheum
670 2010 813 2087 Paulus
832 2009 884 2083 sic
904 2013 1095 2106 quondam
1113 2010 1278 2086 muneris
1295 2010 1411 2110 ampli

413 2125 473 2198 Ire
491 2122 593 2196 vices
611 2118 753 2209 voluit,
772 2141 958 2214 curasque
976 2118 1102 2220 subire
1122 2127 1296 2192 sacratas.

522 2227 672 2303 Scilicet
689 2226 750 2298 his
768 2227 882 2299 decus
900 2225 964 2298 ille
982 2224 1113 2326 gregis
1133 2225 1363 2326 grandisque
1382 2224 1560 2326 voluptas

414 2340 596 2414 Petrus
615 2359 721 2407 amor
739 2330 862 2408 sactus
881 2332 1027 2430 superis
1047 2343 1084 2405 et
1102 2332 1276 2431 proxima
1296 2357 1397 2406 cura.

414 2444 496 2519 Iam
515 2467 631 2542 prope
649 2452 706 2514 ter
724 2442 838 2514 denos
856 2439 987 2513 sollers
1006 2450 1252 2538 superaverat
1271 2463 1408 2531 annos,

416 2552 466 2627 Et
483 2550 581 2650 vigil
599 2548 637 2621 11
657 2547 801 2621 domini
820 2549 953 2644 rebus3
972 2573 1045 2624 non
1066 2547 1233 2621 membra
1251 2547 1394 2637 labori,

418 2657 501 2734 Non
519 2655 663 2731 animos
681 2653 782 2727 curis
800 2656 1031 2728 subducens:
1051 2654 1174 2755 gloria
1193 2655 1336 2728 dudum

420 2768 509 2840 Inde
527 2761 699 2863 perennis
718 2761 753 2834 ei
771 2761 986 2860 praecinxit
1002 2773 1172 2861 tempora
1189 2760 1318 2852 lauro,

419 2873 470 2950 Et
488 2870 592 2946 dedit
610 2880 821 2960 aeternam,
838 2869 1062 2943 meritorum
1081 2869 1267 2969 praemia,
1286 2866 1439 2942 famum.

423 2981 506 3079 lpse
525 2978 678 3075 quidem
698 2976 841 3068 renuit,
859 2976 1073 3073 tacitusque
1091 2978 1208 3051 latere
1227 2974 1393 3075 cupivit,

422 3090 519 3164 Prae
538 3087 758 3179 cunctisque
777 3083 924 3158 animae
941 3085 1068 3159 deco-ri
1086 3109 1272 3179 curaeque
1291 3083 1422 3157 salutis

421 3196 613 3284 Intentus,
631 3192 762 3265 variae
780 3190 955 3291 fugiebat
973 3216 1169 3265 murmura
1187 3189 1330 3267 famae:

422 3302 526 3377 Haec
544 3299 610 3374 alii
628 3309 811 3395 quaerant
828 3299 1065 3399 pugnacibus
1084 3298 1250 3393 undique
1269 3297 1436 3389 dextriS,
1485 3328 1494 3344 ¹

423 3410 527 3484 Inter
544 3430 632 3506 opes
651 3405 736 3497 alii,
753 3406 921 3496 dicebat,
939 3417 977 3479 et
996 3405 1094 3479 inter
1111 3405 1271 3479 honores

403 3612 404 3616 Ἰ
424 3513 643 3607 Quamlibet
660 3513 849 3604 excelsos,
867 3523 934 3586 aut
951 3514 1061 3587 docta
1079 3512 1292 3587 volumina:
1313 3536 1436 3587 sacros

424 3623 522 3699 Ante
540 3623 653 3723 pedes
670 3620 813 3694 domini
832 3618 947 3694 fuerit
965 3620 1060 3694 mihi
1079 3621 1188 3695 dulce
1206 3619 1365 3717 morari3

425 3730 525 3805 Hinc
545 3728 640 3803 mihi
659 3753 764 3826 epea,
782 3727 872 3802 hinc
890 3728 992 3819 lane,
1011 3728 1101 3802 hinc
1118 3728 1241 3830 gloria
1260 3738 1362 3802 certa
1380 3725 1524 3803 venite!

428 3837 489 3913 Sic
506 3836 582 3911 1111.
602 3837 687 3935 Ipsa
704 3847 832 3909 tamen
850 3847 1026 3935 properat
1045 3835 1240 3927 facundia,
1258 3837 1419 3911 blandae
1505 3874 1508 3888 ·

426 3944 551 4036 Quam
570 3941 740 4019 Charites
758 3943 927 4042 cingunt,
945 3943 1169 4042 pulchrique
1189 3936 1397 4039 sequuntur
1414 3943 1584 4017 bonores.

427 4052 574 4147 Hisque
594 4049 695 4124 nitor
714 4075 752 4122 se
771 4049 877 4126 addit
893 4050 1045 4149 templis
1063 4050 1328 4151 dignissimus,
1347 4059 1385 4123 et
1403 4074 1500 4145 quae

427 4157 526 4255 Diva
543 4159 647 4233 levat
665 4158 781 4232 durae
799 4169 957 4231 vexatos
975 4157 1131 4232 crimine
1149 4158 1280 4253 sortis3

425 4265 701 4360 Virtutumque
719 4263 852 4339 cohors
871 4264 1012 4356 omnis,
1031 4266 1245 4364 pietasque,
1262 4264 1431 4362 fidesque

428 4372 601 4450 Iustitiae
617 4397 741 4458 soror,
759 4381 798 4445 et
815 4371 964 4470 penitus
982 4396 1088 4445 mens
1106 4373 1235 4446 dedita
1252 4373 1367 4446 coelo.

428 4480 505 4557 Nec
524 4505 648 4554 mora:
669 4504 706 4553 se
725 4480 873 4554 Petro
892 4478 1068 4570 comitae,
1087 4478 1256 4575 fidasque
1274 4479 1465 4555 ministras
1543 4509 1544 4518 ¹

428 4589 593 4664 Foedere
612 4586 826 4661 consociant
843 4584 982 4660 stabili.
1002 4586 1102 4660 Laus
1120 4586 1206 4660 inde
1224 4586 1395 4685 perennis
1439 4606 1442 4616 '

430 4694 579 4796 Surgit,
600 4705 637 4769 et
654 4694 740 4767 inde
759 4695 892 4788 decus3
911 4718 999 4766 narn
1019 4695 1150 4793 plenus
1169 4692 1357 4785 numinis,
1376 4718 1438 4768 ore

429 4804 576 4879 Aureus
595 4825 714 4897 usque
732 4801 832 4900 rapit
850 4812 992 4875 mentes
1010 4811 1049 4875 et
1067 4811 1218 4900 pectora
1236 4798 1385 4876 mulcet.

430 4910 462 4987 Ο
480 4909 627 5013 quoties
645 4908 825 4982 lacrimas
837 4910 974 4982 suadae
992 4909 1134 4984 virtute
1152 4909 1296 4984 doloris-
1350 4902 1368 4935 ²

424 5015 587 5105 Elicuit!
607 5016 754 5116 quoties
772 5016 959 5091 discordia
977 5028 1127 5119 pectora
1145 5016 1230 5096 miti
