4084 6000
802 761 808 772 ¹
934 669 1009 746 are

438 880 571 958 Martis
590 883 724 955 decoro
743 881 898 981 pulvere
917 881 1054 956 nobilis

439 992 582 1064 Lauros
600 997 772 1062 cruentas
791 986 914 1065 fronte
933 1003 1067 1089 gerens
1087 1011 1173 1079 sua,

545 1093 634 1171 Tuis
652 1105 763 1194 putat
780 1096 896 1171 iustos
915 1097 1076 1170 honores

650 1202 852 1299 Thuraque
872 1204 990 1305 digna
1008 1203 1156 1278 dedisse
1172 1202 1323 1301 templis

440 1311 508 1387 Ast
524 1311 588 1385 ille
606 1334 728 1401 cerua,
746 1334 961 1410 magnaque
980 1311 1135 1384 nomina

440 1420 570 1494 Clarus
588 1427 738 1492 vetusto
759 1427 956 1493 stemmate
973 1419 1186 1518 praedicat;

544 1527 611 1616 Et,
631 1527 796 1625 dcgcner
814 1548 976 1621 quorum
995 1535 1071 1616 est,
1090 1550 1248 1600 avorum

651 1632 766 1706 Facta
785 1643 911 1731 crepat
928 1658 1131 1733 generosus
1150 1633 1268 1706 heres

442 1741 553 1814 Hunc
573 1739 604 1814 si
622 1739 803 1814 micantes
822 1741 1033 1842 mygdonia
1052 1744 1158 1815 trabe

441 1848 618 1943 Auroque
637 1847 757 1922 multo
775 1846 1008 1946 principibus
1026 1847 1119 1921 viris

546 1956 665 2030 Aedes
684 1954 847 2045 locatae,
866 1955 1096 2029 destinatum

653 2059 798 2136 Officiis
817 2060 1020 2161 gravibus,
1040 2060 1191 2157 suisque

444 2169 546 2245 Olim
566 2167 738 2242 futurum
758 2167 904 2244 civibus
922 2179 959 2243 et
977 2169 1090 2244 decus

444 2277 493 2350 Et
511 2278 654 2377 grande
674 2274 861 2368 fulcrum,
879 2287 1009 2377 sponte
1028 2276 1241 2375 patentibus

548 2383 691 2472 Pontia,
711 2383 836 2472 (velut
853 2383 963 2482 proni
980 2381 1123 2476 favoris
1172 2382 1174 2386 '

655 2490 848 2579 Testibus)
867 2491 1078 2589 excipiant3
1097 2493 1226 2564 beatas

444 2596 609 2672 Virtutis
629 2597 751 2671 almae
770 2599 932 2671 somniat
950 2597 1098 2698 ingredi

445 2705 577 2797 Sedes,
596 2717 634 2780 et
652 2705 738 2778 altis
757 2705 921 2778 consiliis
940 2705 1019 2804 poli

548 2811 704 2886 Miscere
723 2831 780 2885 sc:
801 2813 974 2907 quamvis
993 2811 1158 2910 priorem
1220 2809 1249 2826 ’“

655 2919 739 2994 Non
756 2918 948 2993 hominem
967 2919 1096 3012 exuit,
1115 2929 1228 3017 atque
1248 2943 1379 2992 mores,

444 3027 511 3101 Est
529 3028 590 3101 cui
608 3028 800 3101 Minervae
820 3030 929 3102 docta
948 3028 1117 3120 silentia,

445 3134 648 3230 Lunaeque
666 3136 810 3209 mixtae
830 3136 970 3237 solibus
989 3136 1116 3209 arduis

548 3243 661 3318 Latos
680 3242 838 3316 merenti
858 3254 995 3343 sponte¹
1008 3242 1107 3317 lauri

656 3349 882 3448 Explicuere
899 3349 1059 3424 virentis
1079 3352 1243 3426 umbras

445 3457 660 3531 Deliberabo
679 3469 828 3557 pectore
847 3458 909 3533 cui
928 3460 1032 3533 sedet

446 3566 606 3639 Feruore
626 3567 747 3665 coelos
765 3565 921 3665 ignibus
940 3566 1099 3640 aemulis

549 3673 696 3775 Urgere
715 3674 921 3765 constanti,
940 3673 1087 3772 placere
1135 3714 1138 3719 ·

657 3781 728 3855 Cui
748 3780 890 3879 superis
909 3780 1076 3854 animosa
1095 3804 1186 3853 cura
1203 3789 1269 3852 est.

448 3887 537 3962 Sese
556 3888 824 3983 obsequentem
842 3889 907 3984 qui
927 3887 999 3962 sibi
1018 3886 1208 3978 subdidit,

363 4014 365 4019 ’
445 3995 546 4069 Dum
566 3994 665 4068 bella
684 3995 804 4069 movit
823 3994 971 4069 saevior
988 3995 1154 4086 indoles,

550 4102 599 4177 Et
620 4103 741 4195 solue,
765 4114 1011 4199 exemtusque
1030 4103 1151 4202 vulgo

656 4210 765 4286 Certa
783 4210 841 4284 sui
858 4220 961 4285 tenet
979 4234 1084 4284 arma
1102 4208 1192 4283 voti.

448 4314 569 4391 Fortis
587 4315 765 4417 profanos
785 4318 851 4412 qui
870 4318 1016 4392 domuit
1034 4326 1178 4409 metuS,

447 4424 505 4498 ld
522 4423 645 4523 prima
662 4423 786 4499 mollis
804 4426 964 4500 vulnera
981 4425 1037 4499 nil
1053 4449 1229 4525 gamana,

553 4532 784 4628 casumque,
803 4531 1068 4629 fortunamque
1087 4532 1247 4631 pulchro

657 4641 839 4739 Impetere
859 4640 962 4714 haud
980 4640 1136 4714 timidus
1155 4640 1300 4715 duello:

447 4747 558 4822 Hunc
577 4744 699 4822 fronte
717 4748 862 4840 virtus,
879 4746 1033 4846 respicis
1053 4771 1187 4840 aurea,
1303 4770 1306 4775 ·

449 4855 663 4952 'lutumque
682 4854 827 4950 reddis3
846 4855 1021 4930 turbidus
1040 4854 1080 4928 in
1099 4863 1213 4954 caput

553 4960 737 5054 Quamvis
756 4971 794 5037 et
813 4962 990 5036 aethneas
1009 4962 1151 5036 calores

658 5072 793 5146 Vertat
810 5088 926 5171 agens
944 5094 1065 5163 marc,
1083 5080 1123 5145 et
1140 5094 1249 5145 omne
1268 5069 1423 5145 Gaurus.
