4084 6000
972 654 1120 778 mibi)
1169 771 1181 778 ⁴

441 865 481 942 Si
499 863 654 964 praesis,
674 865 814 959 multa,
833 891 984 959 moneo,
1001 865 1146 942 virtute
1163 868 1328 968 praeite:

441 971 481 1048 Si
499 997 590 1047 vero
610 971 773 1066 suberis,
792 997 938 1074 semper
956 999 1089 1073 parere
1107 987 1295 1051 memento

439 1077 701 1156 Praesidibus:
720 1091 918 1176 nectesque
936 1106 1044 1181 pares
1061 1081 1132 1157 tibi
1151 1107 1298 1182 semper
1316 1110 1457 1169 amore,

439 1185 646 1285 Praecipue
665 1211 741 1283 quo
759 1185 840 1262 fata
857 1189 939 1273 loco
958 1200 995 1264 te
1013 1214 1163 1286 cunque
1180 1191 1363 1285 locarint,

440 1293 569 1371 Officii
586 1319 730 1368 memor
747 1305 827 1370 esto
845 1295 923 1372 tui:
943 1306 980 1371 te
998 1295 1123 1373 iudice
1141 1297 1242 1378 iusta

440 1401 561 1478 Causa
578 1401 848 1502 triumphabit:
868 1401 1020 1503 culpam
1038 1428 1106 1478 sua
1123 1429 1244 1504 poena
1261 1416 1452 1501 sequetur.
1486 1401 1490 1412 '

441 1509 554 1586 Tecta
570 1509 742 1606 laresque
760 1509 892 1610 procul
910 1509 1063 1612 fugient
1081 1522 1119 1586 te
1137 1511 1259 1587 milite
1278 1513 1405 1588 cuncti
1497 1544 1500 1549 ’

441 1616 597 1708 Hostes,
615 1640 710 1713 quos
728 1617 857 1691 valido
875 1618 1032 1694 lassabis
1049 1621 1204 1718 robore;
1222 1631 1345 1695 certus

441 1723 622 1816 Vincere,
640 1749 709 1823 pro
727 1724 851 1826 patria
867 1725 929 1799 vel
948 1737 1071 1800 certae
1090 1730 1311 1803 occumbere
1329 1727 1455 1803 morti.

441 1829 585 1906 Nomen
603 1830 788 1906 amicitiae
807 1857 953 1932 semper
969 1833 1042 1908 tibi
1059 1834 1169 1909 dulce
1187 1833 1361 1911 futurum
1379 1846 1436 1911 est

441 1937 490 2014 Et
508 1947 697 2014 sanctum:
717 1940 886 2035 rectique
904 1950 1021 2014 tenax
1040 1941 1190 2015 curabis
1208 1952 1245 2016 et
1264 1941 1375 2038 aequi
1495 1979 1498 1984 ·

442 2045 593 2120 Vivere.
621 2043 704 2120 Non
722 2045 895 2145 precibus
913 2056 980 2121 tua
998 2047 1048 2123 sit
1065 2048 1209 2127 venalis
1227 2060 1265 2123 et
1283 2049 1366 2125 auri

442 2149 525 2249 Non
543 2151 664 2251 pretio
682 2153 816 2228 virtus.
844 2153 975 2230 Potius
994 2158 1240 2232 succumbere
1258 2153 1359 2230 ferro

443 2259 663 2351 Quamlibet
681 2259 840 2361 indiguo
851 2319 860 2355 ,
879 2286 993 2358 quam
1013 2263 1064 2338 sis
1081 2288 1237 2362 peccare
1254 2274 1419 2362 paratus.

549 2366 675 2460 Talia,
695 2392 781 2442 core
799 2381 925 2467 pater,
943 2369 1057 2444 tacita
1075 2372 1167 2444 dum
1184 2381 1310 2444 mente
1328 2371 1485 2447 revolvo

445 2473 621 2574 Saepius,
640 2486 678 2549 et
695 2475 815 2549 dulcis
834 2476 965 2552 matris
984 2476 1097 2552 simul
1115 2501 1182 2551 ora
1200 2488 1399 2552 recurrunt

444 2583 498 2658 Ac
516 2582 647 2656 vultus
664 2581 816 2681 placido
835 2594 901 2659 tua
919 2593 1017 2658 nutu
1034 2586 1152 2659 verba
1169 2588 1385 2683 probantes.

445 2687 546 2780 Quin
564 2688 706 2789 pariter
724 2690 887 2765 subeunt
906 2715 1014 2766 carae
1032 2689 1176 2773 monita
1193 2716 1310 2788 aurea
1326 2689 1478 2766 matris:

443 2796 571 2872 Flecte
588 2821 710 2897 genu,
728 2795 805 2890 fili,
823 2797 985 2891 monuit,
1005 2791 1098 2873 dum
1116 2824 1255 2872 numen
1275 2800 1419 2872 adoras.

444 2903 578 2981 Pulvis
597 2914 635 2982 et
652 2928 771 3001 usque
789 2905 913 2980 minus
931 2931 1082 3003 sumus,
1102 2904 1159 2978 illi
1176 2915 1281 2980 tanta
1299 2901 1467 3006 refulget

445 3012 640 3088 Maiestas:
660 3011 805 3086 audin‘l
825 3013 919 3088 coeli
937 3014 1036 3088 hanc
1053 3025 1251 3110 terraeque
1269 3013 1488 3113 loquuntur.

445 3120 553 3195 Hanc
564 3130 720 3194 resonat
737 3129 894 3219 pontus,
911 3122 1123 3217 Boreaeque
1141 3119 1336 3216 Notusque
1353 3115 1550 3195 resultant.

446 3227 515 3302 Ille
533 3226 632 3326 regit
648 3227 763 3319 vitas,
781 3240 817 3302 et
835 3222 932 3303 miro
950 3228 1103 3303 cardine
1119 3239 1246 3302 versat

447 3333 651 3433 Tempora,
668 3358 808 3433 perque
826 3335 927 3409 vices
944 3360 1012 3410 ver
1029 3345 1330 3431 autumnumque
1348 3330 1505 3409 reducit.
1544 3394 1550 3406 .
1707 3398 1711 3405 .

446 3441 515 3516 Ille
532 3441 608 3515 ciet
625 3444 764 3533 nubeS,
782 3440 906 3517 rutilis
925 3440 1041 3517 micat
1058 3442 1213 3542 ignibus
1231 3442 1317 3535 ille,

447 3547 701 3645 Terrificaque
718 3573 835 3623 manu
852 3549 892 3625 in
909 3561 1029 3633 terras
1047 3574 1115 3624 sua
1133 3548 1296 3624 fulmina
1312 3559 1475 3648 torquet.

447 3656 540 3732 Mox
558 3680 687 3730 carum
706 3681 885 3732 venerare
903 3668 1069 3757 patrem:
1088 3668 1287 3757 praecepta
1304 3658 1456 3746 beatae,
1505 3740 1508 3746 ¹
1590 3740 1595 3745 ,

448 3763 553 3855 Quae
571 3765 744 3857 dederat,
761 3764 865 3839 vitae
883 3765 1042 3839 memori
1059 3769 1129 3840 sub
1147 3775 1297 3864 pectore
1316 3764 1487 3837 condens

448 3870 531 3946 Non
549 3870 671 3945 minor
687 3870 727 3945 in
746 3882 905 3946 matrem
923 3871 1041 3972 pietas
1060 3882 1148 3964 tua,
1165 3881 1273 3964 nate,
1292 3869 1464 3971 supersit.

448 3980 535 4079 Ipsa
552 4004 623 4079 ego
637 3988 674 4053 te
692 3977 772 4052 fovi
789 3989 982 4075 tenerum,
1000 3990 1224 4078 promtoque
1241 3978 1413 4076 palatum

449 4086 562 4161 Lacte
579 4086 707 4186 rigans
726 4085 865 4162 siccum
882 4086 1222 4180 recreavimunere
1240 4084 1351 4159 vitae.

332 4266 338 4275 ,
449 4194 536 4293 Ipsa
553 4203 638 4268 tuas
656 4191 768 4293 vigili
786 4194 1001 4268 mulcebam
1017 4192 1182 4267 carmine
1200 4216 1336 4284 cunas,

450 4301 499 4377 Et
515 4299 667 4375 timidos
684 4298 770 4373 rexi
787 4324 961 4399 gressus,
979 4301 1207 4397 balbamque
1225 4296 1411 4396 loquentis
1522 4367 1524 4374 .

449 4408 659 4509 Fingebam
676 4405 867 4506 linguam3
886 4418 923 4481 et
940 4408 1157 4511 languentis
1176 4406 1324 4506 saepius
1342 4414 1446 4478 artus
1560 4449 1562 4452 -

451 4512 676 4615 Complexo,
694 4514 807 4587 haec:
828 4538 911 4605 mea
928 4513 1018 4607 lux,
1037 4512 1140 4607 dixi,
1158 4535 1243 4589 mea
1259 4511 1422 4613 gaudia,
1441 4519 1548 4601 nate,

451 4622 562 4713 Esto,
580 4645 731 4722 precor,
749 4621 897 4716 salvu's3
916 4619 1066 4720 fugiant
1084 4630 1123 4695 te
1141 4620 1305 4720 corporis
1324 4641 1452 4693 omnes

451 4729 594 4821 Morbi,
613 4729 735 4825 sitque
753 4726 866 4829 vigor
883 4726 1016 4803 mentis
1035 4752 1123 4832 par:
1144 4727 1196 4802 sic
1214 4737 1282 4802 tua
1299 4724 1490 4823 quondam

452 4840 653 4937 Aspersam
670 4834 772 4910 canis
792 4833 975 4909 relevabit
994 4836 1129 4910 dextra
1147 4845 1335 4911 senectam
1346 4863 1366 4929 3>
1420 4866 1424 4870 ·

455 4944 495 5021 Si
511 4968 596 5019 mea
613 4942 747 5020 Clotho
765 4946 866 5041 prius
884 4966 960 5016 non
977 4953 1130 5041 rumpat
1149 4942 1310 5017 stamina
1327 4938 1442 5014 vitae.

453 5051 557 5127 Haec
573 5050 672 5126 inter
688 5048 854 5125 lacrimis
871 5048 1072 5152 turgentia¹
1083 5048 1229 5126 lumina
1246 5046 1346 5141 vidi,
