4084 6000
1018 622 1043 694 4

453 835 503 910 Te
523 834 680 908 miratus
699 845 778 908 erat
797 844 900 906 tanto
920 837 965 907 de
984 833 1147 908 culmino
1164 835 1272 908 terris

554 940 755 1036 Nunquam
774 967 846 1013 non
867 939 969 1014 facili
987 940 1231 1038 promiouisse
1250 939 1341 1015 face.

447 1049 633 1147 Hungara
649 1048 753 1122 testis
772 1047 842 1120 erit
859 1047 970 1121 tellus
988 1047 1060 1137 (sic
1078 1059 1201 1122 cetera
1218 1073 1285 1146 pro
1304 1072 1343 1120 se

552 1153 791 1229 Contendunt
808 1153 958 1226 niveam
976 1179 1095 1253 regna
1111 1158 1271 1254 probare
1287 1153 1433 1240 fidem),

323 1324 326 1328 Δ
448 1262 567 1337 Testis
585 1261 656 1334 erit
673 1286 819 1358 semper
836 1261 978 1351 cordis,
995 1261 1086 1334 Fra
1098 1261 1284 1352 noisoe,
1301 1260 1469 1361 paterni,

551 1366 635 1458 Quo
654 1370 790 1440 devota
808 1367 878 1440 tibi
896 1392 988 1465 gens
1006 1380 1172 1442 recreata
1192 1363 1275 1442 luit.
1312 1399 1322 1414 ·

449 1474 625 1549 Vidimus
643 1472 796 1547 infestos
814 1474 950 1546 nostris
968 1498 991 1546 a
1007 1473 1148 1548 finibus
1166 1474 1292 1548 hostes

554 1581 677 1661 Armis
695 1593 733 1654 et
750 1580 839 1653 forti
856 1592 893 1653 te
913 1580 1092 1677 repulisse
1110 1606 1236 1654 manu.
1373 1592 1375 1596 ’

448 1687 607 1764 Caerula
625 1710 775 1782 quoque
793 1697 924 1784 patent
941 1687 1094 1784 spatiosi
1111 1698 1262 1786 tergora
1280 1689 1385 1786 ponti

554 1794 776 1867 Intumuisse
794 1792 870 1868 tuis
888 1793 1055 1866 hunnioa
1072 1796 1158 1867 vela
1176 1793 1292 1868 Notis,

449 1900 625 1974 Vidimus
643 1912 680 1973 et
699 1925 832 1972 nomen
851 1900 1117 1994 libertatesque
1135 1913 1323 1990 tuentem,

555 2007 730 2078 Balsama
747 2005 968 2079 vulneribus
987 2019 1135 2104 promta
1153 2007 1282 2080 tulisse
1301 2007 1425 2080 simul.

448 2113 568 2185 Immo
588 2112 721 2204 etiam,
740 2137 815 2207 quo
834 2137 901 2186 nos
920 2137 1110 2204 servareS,
1128 2125 1240 2208 teque
1258 2127 1416 2208 tuosque

556 2219 684 2319 Digna
700 2219 793 2310 tibi,
811 2244 1002 2310 caesar,
1020 2212 1112 2293 cura
1129 2245 1276 2308 sacrare
1295 2218 1379 2293 fuit.

452 2325 607 2399 Huncee
626 2337 770 2423 patrem
789 2325 932 2422 patriae
951 2326 1122 2417 salvum,
1139 2327 1382 2412 reddentibus
1400 2326 1532 2418 astriS,

558 2431 652 2522 Quis
670 2458 745 2505 non
764 2433 954 2507 laetetur?
975 2433 1061 2527 quis
1079 2433 1142 2530 pia
1159 2444 1249 2506 vota
1267 2435 1441 2531 premat‘?

453 2538 606 2614 Fractos
624 2550 708 2636 post
725 2538 850 2612 hostes
868 2539 997 2613 Martis
1016 2539 1234 2638 rigidosque
1252 2540 1399 2616 labores

558 2644 708 2721 Gratior
726 2657 874 2743 optatae
891 2645 994 2743 pacis
1013 2646 1115 2726 oliva
1132 2647 1240 2720 viret.

453 2751 602 2826 Gratior
621 2764 676 2826 est
695 2751 838 2825 cunetis
858 2750 1009 2851 fulgens
1029 2763 1113 2850 post
1131 2753 1263 2826 nubila
1281 2753 1457 2827 Phoebus

557 2857 626 2951 Et,
643 2871 727 2956 post
744 2851 929 2932 curarum.
941 2862 1108 2957 pondera
1127 2862 1238 2950 dura,
1257 2861 1373 2954 quies.
1480 2881 1481 2884 ’

453 2965 511 3037 An
530 2989 626 3057 non,
645 2966 800 3064 depulso
818 2966 918 3039 vitae
936 2965 1170 3059 discrimine,
1188 2967 1295 3041 nobis

560 3072 653 3145 Tam
672 3073 749 3144 cari
768 3073 901 3171 capitis
916 3084 1027 3171 grata
1046 3074 1092 3146 sit
1110 3074 1211 3147 alma
1229 3074 1363 3148 salus'?

454 3179 501 3253 At
520 3202 595 3270 quo
613 3177 733 3249 maior
750 3189 829 3251 erat
848 3179 972 3252 luctus
990 3204 1211 3274 maerorque
1230 3180 1430 3275 dolorque:

558 3284 728 3383 Amplior
746 3284 818 3357 hoc
837 3285 953 3376 votis,
971 3284 1346 3386 laetitiaeque'seg'es.

1026 3552 1047 3591 ff

817 3659 821 3675 ,
893 3615 915 3656 a
1154 3616 1175 3657 a

459 3821 704 3918 PlangimuS,
723 3834 760 3895 et
778 3822 942 3895 lacrimis
960 3823 1030 3896 toti
1049 3822 1279 3918 squallemus
1297 3824 1458 3915 obortiS,

563 3929 611 4003 Et
630 3929 798 4028 gelidum
818 3930 975 4025 quaevis
993 3942 1144 4027 pectora
1163 3929 1286 4029 frigus
1304 3932 1428 4005 habet.

461 4037 553 4110 Mox
574 4036 787 4130 querimur,
805 4037 904 4110 iusto
921 4033 1133 4111 tribuentes
1147 4038 1265 4112 verba
1282 4038 1422 4129 dolori,

564 4142 612 4216 Et
631 4143 739 4237 quasi
758 4141 987 4240 profuerint,
1005 4169 1142 4239 corque
1162 4156 1349 4242 caputque
1368 4148 1511 4221 damus

459 4251 534 4325 Neo
553 4251 659 4322 dolor
677 4260 745 4323 aut
762 4250 959 4340 lacrimae,
978 4247 1083 4324 fusae
1102 4275 1169 4325 neo
1187 4276 1295 4349 saepe
1314 4254 1487 4347 querelae

565 4355 640 4430 Neo
659 4367 780 4446 metus
799 4367 874 4429 aut'
882 4381 1031 4450 maeror
1048 4354 1168 4429 ferrea
1186 4357 1265 4449 fata
1280 4372 1446 4433 movent.

465 4462 636 4541 Occidet!
656 4462 840 4552 (insinuat
856 4462 998 4559 pernici
1016 4459 1119 4535 fama
1136 4464 1284 4555 volatu)
1336 4476 1337 4482 ’

566 4567 641 4659 Qui
660 4572 772 4642 modo
789 4580 846 4642 tot
863 4569 1012 4668 populis
1031 4570 1111 4643 vita
1130 4569 1305 4667 salusque
1325 4571 1409 4645 fuit.

464 4675 634 4752 Occidet!
653 4701 699 4748 en
717 4676 833 4750 dubio
851 4700 956 4749 sacra
973 4674 1050 4749 iam
1069 4700 1243 4774 suprema
1260 4690 1459 4775 parantur:

567 4782 630 4856 Nil
649 4782 730 4879 opis
748 4782 787 4855 in
805 4782 979 4874 medicis,
997 4781 1200 4880 pharmaca
1217 4784 1322 4858 nulla
1339 4783 1483 4857 iuvant.

461 4888 610 4988 Ergone
629 4888 945 4980 Francisoum
965 4890 1072 4963 nobis
1090 4892 1278 4987 ploremus
1297 4891 1521 4964 ademtum‘?

568 4994 664 5087 Neo,
683 5020 779 5090 quae
798 5020 864 5069 nos
882 4996 1043 5089 relevet,
1063 5022 1145 5095 spes
1164 5022 1354 5095 superesse
1372 4999 1527 5095 potest‘?
