4084 6000
1008 573 1060 648 40

455 788 614 881 Qualem
632 798 674 863 te
695 789 999 881 Scatthmtr,
1017 787 1156 862 mirata
1174 788 1380 864 Pisonia
1398 819 1518 893 nuper

561 897 708 989 Tellus,
727 909 773 971 te
793 899 944 993 qualem
960 908 1074 997 grata
1092 895 1298 972 Oolecza
1316 897 1430 975 videt.

455 1004 538 1081 Non
557 1030 644 1080 arae
663 1029 738 1078 neu
757 1004 900 1103 templa
917 1013 1053 1079 sonant
1071 1007 1354 1099 tantummode,
1372 1007 1463 1083 vivo

563 1113 635 1190 Sed
653 1110 755 1186 canit
772 1109 1102 1211 lrorumplurima
1119 1114 1234 1186 turba
1253 1135 1353 1186 sono.

457 1220 532 1296 Neo
551 1220 674 1294 solum
691 1217 817 1294 vicina
835 1221 969 1294 domus
988 1228 1207 1315 tectumque
1226 1219 1426 1317 locusque,

564 1326 687 1403 Sentit
704 1325 901 1401 munificas
919 1326 1054 1401 dissita
1072 1337 1174 1401 terra
1192 1352 1339 1402 manus.

458 1435 606 1534 Quippe
624 1434 745 1509 solent
761 1433 884 1508 vitreo
902 1445 1097 1509 manantes
1115 1435 1270 1534 gurgite
1289 1434 1382 1528 rivi,
1402 1469 1404 1476 s

564 1542 614 1617 Et
632 1541 804 1640 procula
823 1541 981 1641 proprio·
995 1540 1100 1617 fonte
1119 1543 1246 1617 levare
1266 1541 1378 1618 sitim.

460 1649 595 1740 Omnia
613 1673 762 1724 summa
779 1648 904 1741 videt,
923 1648 1093 1747 quisquis
1112 1661 1179 1742 te,
1197 1651 1350 1749 praesul
1367 1662 1513 1743 amate,

567 1755 774 1854 Conspicit,
792 1755 886 1830 haec
904 1757 1019 1857 digne
1041 1756 1125 1852 quis
1143 1781 1317 1832 resonare
1336 1762 1480 1854 queat?

463 1864 612 1940 Scilicet
630 1862 781 1960 eloquio
800 1863 851 1936 sic
870 1862 996 1939 aufers
1014 1874 1168 1963 pectora
1187 1865 1287 1961 sele;

566 1970 713 2047 Tullius
732 1982 775 2044 ut
793 1971 922 2069 rapuit
939 1983 1062 2046 restra
1081 1970 1281 2068 ferumque
1300 1996 1378 2046 sue.

463 2080 553 2155 Inde
571 2077 667 2152 tibi
685 2077 828 2176 patriae
847 2079 1062 2153 communia
1080 2103 1250 2178 promere
1269 2090 1359 2154 vota

568 2185 684 2261 Venit
702 2185 824 2258 honor
840 2186 978 2260 summi
996 2186 1177 2285 principis
1197 2197 1282 2262 ante
1300 2187 1492 2262 thronum.

463 2293 629 2393 Contigit
648 2293 734 2366 inde
753 2292 849 2366 tibi
866 2293 1010 2392 patriae
1028 2293 1204 2394 regisque
1222 2294 1380 2395 benigni

570 2400 772 2476 Plausibus
790 2400 976 2474 illustrem
989 2401 1239 2499 promicuisse
1257 2401 1369 2477 diem.

465 2507 654 2599 Arsimus,
672 2518 709 2580 et
726 2506 833 2581 vario
851 2518 1074 2582 tumuerunt
1091 2520 1242 2608 pectora
1259 2520 1387 2601 metu,

570 2617 630 2689 Ad
648 2613 783 2688 solium
801 2624 845 2688 ut
863 2615 1009 2689 modico
1027 2615 1195 2690 vidimus
1212 2616 1284 2690 isse
1302 2619 1437 2718 gradu.

465 2723 559 2814 Hic,
577 2723 678 2796 mala
697 2724 789 2795 dum
809 2722 929 2822 carpis
948 2723 1133 2798 mordacis
1151 2723 1310 2800 erimina
1326 2723 1502 2825 linguae,

572 2828 749 2905 Protinus
769 2839 805 2902 et
823 2840 950 2904 nostra
967 2856 1061 2906 voce
1081 2832 1233 2927 querela
1251 2832 1339 2907 ruit.

467 2937 614 3018 Gaudia
632 2938 723 3011 dum
741 2937 886 3035 patriae
903 2948 1056 3038 patrum
1075 2939 1281 3040 populique
1298 2936 1488 3033 recenseo,

574 3043 812 3121 Perfundunt
829 3057 974 3120 nostres
991 3048 1135 3146 gaudia'
1153 3059 1294 3144 quanta
1312 3048 1432 3122 sinusl

470 3154 664 3254 Augustae
681 3163 724 3225 ut
742 3154 905 3228 celebras
923 3154 1078 3253 reginae
1097 3156 1288 3248 encomia,
1306 3167 1477 3230 nostrum

575 3259 717 3351 Nemo,
734 3260 826 3355 quin
845 3272 997 3359 cuperet
1015 3262 1296 3354 concelebrare,
1316 3261 1398 3337 fuit.

472 3369 521 3445 Ac
539 3371 631 3441 dum
649 3376 739 3441 vota
756 3366 893 3459 refers,
911 3370 1014 3441 flexo
1033 3388 1125 3443 mox
1143 3370 1284 3468 poplite
1303 3369 1428 3443 cuncti

577 3475 636 3549 Ad
653 3474 717 3573 pia
735 3474 883 3548 votivas
901 3475 1092 3550 tendimus
1111 3486 1212 3550 astra
1230 3501 1375 3551 manus.

473 3585 575 3661 Dum
592 3582 671 3655 ruis
689 3581 730 3655 iu
747 3582 878 3655 laudes
895 3584 1081 3683 proregis
1099 3594 1247 3683 pectore
1265 3594 1396 3684 grato,

579 3689 679 3764 Num
697 3712 894 3787 procerum
912 3690 1030 3789 pietas
1048 3691 1154 3767 nevit
1172 3692 1312 3767 babere
1331 3692 1516 3766 modum?

474 3798 649 3892 Denique
668 3819 743 3891 qua
760 3808 906 3870 vestrae
925 3797 1042 3871 flectit
1060 3822 1098 3872 se
1116 3799 1241 3898 gratia
1259 3799 1432 3899 linguae,

580 3902 797 3994 Quamlibet
816 3907 1014 3979 absentum
1032 3930 1170 4001 oorque
1189 3906 1433 4002 animumque
1452 3905 1561 4005 rapit.

479 4012 606 4089 Cedite
625 4009 872 4109 Cecropidum
890 4012 1041 4105 laudea,
1060 4012 1142 4087 fora
1161 4012 1281 4087 cedite
1298 4012 1459 4088 Romae:

582 4117 787 4217 Hungara,
805 4121 908 4213 quod
925 4120 1058 4212 iactet,
1076 4146 1152 4195 non
1168 4120 1294 4195 minus
1313 4145 1378 4194 ora
1395 4122 1493 4195 tulit.

478 4221 623 4302 Merces
641 4236 755 4320 atque
774 4223 935 4319 Numas,
955 4227 1092 4303 Fabios
1112 4238 1361 4324 numeratque
1380 4228 1556 4305 Catones:

584 4331 662 4405 Hos
680 4331 783 4406 inter·
794 4332 916 4431 primo
934 4334 1097 4426 lumine,
1116 4336 1279 4427 Petre,
1297 4336 1424 4410 micas.

480 4440 637 4517 Viderat
654 4439 747 4513 baec
765 4440 901 4533 nostri,
919 4442 1010 4516 Fra
1021 4441 1239 4535 nciscus,
1257 4443 1379 4543 gloria
1397 4444 1531 4536 saecli,

586 4545 635 4620 Et
651 4547 742 4638 lux,
761 4558 798 4622 et
815 4548 913 4622 vasti
931 4548 1105 4649 publicus
1123 4550 1225 4623 orbis
1243 4576 1357 4625 amor.

483 4658 650 4745 Petre,
666 4653 762 4746 tuis,
781 4654 900 4748 dixit,
919 4656 1062 4731 meritis
1080 4679 1164 4731 mea
1182 4657 1306 4758 gratia
1324 4682 1443 4757 prena
1462 4669 1535 4757 est,

589 4761 763 4860 Adspiret
779 4762 874 4836 velis
893 4790 985 4839 aura
1003 4766 1164 4839 secunda
1181 4765 1294 4839 tuis.
1410 4800 1414 4805 ·

486 4867 561 4943 Nec
580 4893 704 4941 mera:
718 4868 873 4964 'iamque
891 4872 999 4946 novis
1016 4874 1242 4947 decorantur
1259 4871 1368 4946 stalla
1385 4872 1586 4970 columnis3

590 4974 690 5051 Huic
708 4974 830 5069 tituli,
849 4977 939 5053 huic
958 4978 1081 5079 fulget
1099 4978 1311 5078 pontificale
1330 4979 1455 5053 decus.
1490 4982 1492 4987 ’
