<?xml version="1.0" encoding="UTF-8"?>
<!DOCTYPE html PUBLIC "-//W3C//DTD XHTML 1.0 Transitional//EN"
    "http://www.w3.org/TR/xhtml1/DTD/xhtml1-transitional.dtd">
<html xmlns="http://www.w3.org/1999/xhtml" xml:lang="en" lang="en">
 <head>
  <title>
</title>
<meta http-equiv="Content-Type" content="text/html;charset=utf-8" />
  <meta name='ocr-system' content='tesseract 3.04.00' />
  <meta name='ocr-capabilities' content='ocr_page ocr_carea ocr_par ocr_line ocrx_word'/>
</head>
<body>
  <div class='ocr_page' id='page_1' title='image "./poematumlibrise00jallgoog_0186.png"; bbox 0 0 4084 6000; ppageno 0'>
   <div class='ocr_carea' id='block_1_1' title="bbox 1060 655 1134 732">
    <p class='ocr_par' dir='ltr' id='par_1_1' title="bbox 1060 655 1134 732">
     <span class='ocr_line' id='line_1_1' title="bbox 1060 655 1134 732; baseline -0.027 0"><span class='ocrx_word' id='word_1_1' title='bbox 1060 655 1134 732; x_wconf 78' lang='lat'>154</span> 
     </span>
    </p>
   </div>
   <div class='ocr_carea' id='block_1_2' title="bbox 393 869 1711 2900">
    <p class='ocr_par' dir='ltr' id='par_1_2' title="bbox 393 869 1711 2900">
     <span class='ocr_line' id='line_1_2' title="bbox 453 869 1413 969; baseline -0.001 -24"><span class='ocrx_word' id='word_1_2' title='bbox 453 869 647 968; x_wconf 84' lang='lat' dir='ltr'>Temporis</span> <span class='ocrx_word' id='word_1_3' title='bbox 665 881 771 963; x_wconf 88' lang='lat' dir='ltr'>acta,</span> <span class='ocrx_word' id='word_1_4' title='bbox 790 873 902 946; x_wconf 87' lang='lat' dir='ltr'>simul</span> <span class='ocrx_word' id='word_1_5' title='bbox 922 874 1121 948; x_wconf 87' lang='lat' dir='ltr'>doctorum</span> <span class='ocrx_word' id='word_1_6' title='bbox 1140 896 1231 946; x_wconf 87' lang='lat' dir='ltr'>voce</span> <span class='ocrx_word' id='word_1_7' title='bbox 1251 871 1413 969; x_wconf 87' lang='lat' dir='ltr'>probari.</span> 
     </span>
     <span class='ocr_line' id='line_1_3' title="bbox 454 975 1388 1068; baseline 0.002 -17"><span class='ocrx_word' id='word_1_8' title='bbox 454 975 578 1068; x_wconf 82' lang='lat' dir='ltr'>Quam</span> <span class='ocrx_word' id='word_1_9' title='bbox 598 977 727 1051; x_wconf 89' lang='lat' dir='ltr'>multis</span> <span class='ocrx_word' id='word_1_10' title='bbox 747 1004 858 1053; x_wconf 86' lang='lat' dir='ltr'>curae</span> <span class='ocrx_word' id='word_1_11' title='bbox 879 992 935 1053; x_wconf 89' lang='lat' dir='ltr'>cst</span> <span class='ocrx_word' id='word_1_12' title='bbox 955 979 1108 1053; x_wconf 79' lang='lat' dir='ltr'>facundi</span> <span class='ocrx_word' id='word_1_13' title='bbox 1128 978 1275 1052; x_wconf 84' lang='lat' dir='ltr'>Tullius</span> <span class='ocrx_word' id='word_1_14' title='bbox 1295 979 1388 1054; x_wconf 79' lang='lat' dir='ltr'>oris!</span> 
     </span>
     <span class='ocr_line' id='line_1_4' title="bbox 453 1084 1454 1185; baseline 0.002 -27"><span class='ocrx_word' id='word_1_15' title='bbox 453 1084 577 1174; x_wconf 79' lang='lat' dir='ltr'>Quam</span> <span class='ocrx_word' id='word_1_16' title='bbox 595 1085 706 1158; x_wconf 92' lang='lat' dir='ltr'>multi</span> <span class='ocrx_word' id='word_1_17' title='bbox 725 1087 883 1184; x_wconf 86' lang='lat' dir='ltr'>placidis</span> <span class='ocrx_word' id='word_1_18' title='bbox 903 1086 1051 1161; x_wconf 88' lang='lat' dir='ltr'>faciunt</span> <span class='ocrx_word' id='word_1_19' title='bbox 1069 1086 1131 1185; x_wconf 90' lang='lat' dir='ltr'>pia</span> <span class='ocrx_word' id='word_1_20' title='bbox 1149 1111 1254 1159; x_wconf 88' lang='lat' dir='ltr'>sacra</span> <span class='ocrx_word' id='word_1_21' title='bbox 1273 1085 1454 1160; x_wconf 75' lang='lat' dir='ltr'>camenis!</span> 
     </span>
     <span class='ocr_line' id='line_1_5' title="bbox 452 1191 1467 1289; baseline 0.001 -24"><span class='ocrx_word' id='word_1_22' title='bbox 452 1191 624 1265; x_wconf 84' lang='lat' dir='ltr'>Maxima</span> <span class='ocrx_word' id='word_1_23' title='bbox 642 1217 728 1289; x_wconf 90' lang='lat' dir='ltr'>pars</span> <span class='ocrx_word' id='word_1_24' title='bbox 745 1196 811 1266; x_wconf 89' lang='lat' dir='ltr'>sed</span> <span class='ocrx_word' id='word_1_25' title='bbox 830 1194 930 1268; x_wconf 89' lang='lat' dir='ltr'>enim</span> <span class='ocrx_word' id='word_1_26' title='bbox 947 1194 1085 1268; x_wconf 87' lang='lat' dir='ltr'>teneris</span> <span class='ocrx_word' id='word_1_27' title='bbox 1104 1196 1195 1267; x_wconf 90' lang='lat' dir='ltr'>dum</span> <span class='ocrx_word' id='word_1_28' title='bbox 1215 1191 1358 1266; x_wconf 86' lang='lat' dir='ltr'>semina</span> <span class='ocrx_word' id='word_1_29' title='bbox 1375 1193 1467 1267; x_wconf 93' lang='lat' dir='ltr'>recti</span> 
     </span>
     <span class='ocr_line' id='line_1_6' title="bbox 454 1298 1459 1399; baseline 0.001 -25"><span class='ocrx_word' id='word_1_30' title='bbox 454 1298 676 1374; x_wconf 78' lang='lat' dir='ltr'>Pectoribus</span> <span class='ocrx_word' id='word_1_31' title='bbox 693 1303 868 1392; x_wconf 89' lang='lat' dir='ltr'>mandat,</span> <span class='ocrx_word' id='word_1_32' title='bbox 886 1302 1020 1375; x_wconf 87' lang='lat' dir='ltr'>lolium</span> <span class='ocrx_word' id='word_1_33' title='bbox 1031 1355 1040 1390; x_wconf 88' lang='lat'><em>,</em></span> <span class='ocrx_word' id='word_1_34' title='bbox 1061 1300 1267 1399; x_wconf 84' lang='lat' dir='ltr'>lappasque</span> <span class='ocrx_word' id='word_1_35' title='bbox 1287 1305 1459 1375; x_wconf 78' lang='lat' dir='ltr'><strong>nocentes</strong></span> 
     </span>
     <span class='ocr_line' id='line_1_7' title="bbox 452 1405 1344 1499; baseline 0 -19"><span class='ocrx_word' id='word_1_36' title='bbox 452 1405 606 1480; x_wconf 81' lang='lat' dir='ltr'>Naviter</span> <span class='ocrx_word' id='word_1_37' title='bbox 624 1406 810 1499; x_wconf 78' lang='lat' dir='ltr'>evellenS‚</span> <span class='ocrx_word' id='word_1_38' title='bbox 829 1407 999 1482; x_wconf 89' lang='lat' dir='ltr'>venturis</span> <span class='ocrx_word' id='word_1_39' title='bbox 1019 1406 1184 1482; x_wconf 89' lang='lat' dir='ltr'>consulit</span> <span class='ocrx_word' id='word_1_40' title='bbox 1203 1408 1344 1480; x_wconf 81' lang='lat' dir='ltr'>aunis.“</span> 
     </span>
     <span class='ocr_line' id='line_1_8' title="bbox 557 1512 1494 1614; baseline 0.001 -27"><span class='ocrx_word' id='word_1_41' title='bbox 557 1512 664 1587; x_wconf 88' lang='lat' dir='ltr'>Talia</span> <span class='ocrx_word' id='word_1_42' title='bbox 682 1515 772 1588; x_wconf 91' lang='lat' dir='ltr'>dum</span> <span class='ocrx_word' id='word_1_43' title='bbox 792 1526 995 1606; x_wconf 79' lang='lat' dir='ltr'>memorat,</span> <span class='ocrx_word' id='word_1_44' title='bbox 1014 1514 1218 1609; x_wconf 68' lang='lat' dir='ltr'>dumjtalia</span> <span class='ocrx_word' id='word_1_45' title='bbox 1237 1535 1345 1614; x_wconf 83' lang='lat' dir='ltr'>saepe</span> <span class='ocrx_word' id='word_1_46' title='bbox 1365 1525 1494 1589; x_wconf 90' lang='lat' dir='ltr'>tuetur</span> 
     </span>
     <span class='ocr_line' id='line_1_9' title="bbox 452 1619 1403 1720; baseline 0.001 -26"><span class='ocrx_word' id='word_1_47' title='bbox 452 1619 552 1694; x_wconf 90' lang='lat' dir='ltr'>Ordo</span> <span class='ocrx_word' id='word_1_48' title='bbox 571 1619 677 1718; x_wconf 85' lang='lat' dir='ltr'>pius,</span> <span class='ocrx_word' id='word_1_49' title='bbox 696 1646 816 1695; x_wconf 87' lang='lat' dir='ltr'>novus</span> <span class='ocrx_word' id='word_1_50' title='bbox 836 1638 1019 1695; x_wconf 86' lang='lat' dir='ltr'>annorum</span> <span class='ocrx_word' id='word_1_51' title='bbox 1040 1621 1273 1720; x_wconf 87' lang='lat' dir='ltr'>praeterfluit</span> <span class='ocrx_word' id='word_1_52' title='bbox 1292 1623 1403 1718; x_wconf 79' lang='lat' dir='ltr'>crd03</span> 
     </span>
     <span class='ocr_line' id='line_1_10' title="bbox 450 1725 1406 1826; baseline 0.004 -27"><span class='ocrx_word' id='word_1_53' title='bbox 450 1725 499 1799; x_wconf 86' lang='lat' dir='ltr'>Et</span> <span class='ocrx_word' id='word_1_54' title='bbox 515 1737 620 1826; x_wconf 85' lang='lat' dir='ltr'>patre</span> <span class='ocrx_word' id='word_1_55' title='bbox 640 1729 710 1800; x_wconf 89' lang='lat' dir='ltr'>sub</span> <span class='ocrx_word' id='word_1_56' title='bbox 729 1728 816 1820; x_wconf 88' lang='lat' dir='ltr'>tali,</span> <span class='ocrx_word' id='word_1_57' title='bbox 835 1731 906 1802; x_wconf 88' lang='lat' dir='ltr'>sub</span> <span class='ocrx_word' id='word_1_58' title='bbox 926 1730 992 1803; x_wconf 88' lang='lat' dir='ltr'>tali</span> <span class='ocrx_word' id='word_1_59' title='bbox 1010 1728 1370 1826; x_wconf 74' lang='lat' dir='ltr'>praeside&#39;rursus‚·</span> <span class='ocrx_word' id='word_1_60' title='bbox 1401 1760 1406 1765; x_wconf 92' lang='lat'>·</span> 
     </span>
     <span class='ocr_line' id='line_1_11' title="bbox 452 1829 1604 1932; baseline 0.004 -26"><span class='ocrx_word' id='word_1_61' title='bbox 452 1835 576 1929; x_wconf 82' lang='lat' dir='ltr'>Atque</span> <span class='ocrx_word' id='word_1_62' title='bbox 596 1833 733 1908; x_wconf 87' lang='lat' dir='ltr'>iterum</span> <span class='ocrx_word' id='word_1_63' title='bbox 752 1836 852 1908; x_wconf 84' lang='lat' dir='ltr'>votis</span> <span class='ocrx_word' id='word_1_64' title='bbox 870 1829 1138 1927; x_wconf 61' lang='lat' dir='ltr'>concordibus{</span> <span class='ocrx_word' id='word_1_65' title='bbox 1158 1847 1416 1910; x_wconf 85' lang='lat' dir='ltr'>aurcacertus</span> <span class='ocrx_word' id='word_1_66' title='bbox 1589 1889 1604 1932; x_wconf 58' lang='lat'>3</span> 
     </span>
     <span class='ocr_line' id='line_1_12' title="bbox 451 1940 1615 2043; baseline 0.003 -30"><span class='ocrx_word' id='word_1_67' title='bbox 451 1940 590 2015; x_wconf 84' lang='lat' dir='ltr'>Vivere</span> <span class='ocrx_word' id='word_1_68' title='bbox 609 1942 749 2033; x_wconf 83' lang='lat' dir='ltr'>lustra,</span> <span class='ocrx_word' id='word_1_69' title='bbox 768 1942 873 2041; x_wconf 91' lang='lat' dir='ltr'>cupit</span> <span class='ocrx_word' id='word_1_70' title='bbox 890 1946 1056 2043; x_wconf 86' lang='lat' dir='ltr'>flagrans</span> <span class='ocrx_word' id='word_1_71' title='bbox 1076 1944 1155 2016; x_wconf 89' lang='lat' dir='ltr'>sine</span> <span class='ocrx_word' id='word_1_72' title='bbox 1173 1941 1248 2016; x_wconf 88' lang='lat' dir='ltr'>fine</span> <span class='ocrx_word' id='word_1_73' title='bbox 1268 1967 1428 2016; x_wconf 89' lang='lat' dir='ltr'>manere.</span> <span class='ocrx_word' id='word_1_74' title='bbox 1597 2007 1615 2016; x_wconf 28' lang='lat' dir='ltr'>ff</span> 
     </span>
     <span class='ocr_line' id='line_1_13' title="bbox 393 2049 1711 2147; baseline 0.003 -27"><span class='ocrx_word' id='word_1_75' title='bbox 393 2085 398 2094; x_wconf 94' lang='lat'><em>·</em></span> <span class='ocrx_word' id='word_1_76' title='bbox 449 2050 498 2121; x_wconf 84' lang='lat' dir='ltr'>At</span> <span class='ocrx_word' id='word_1_77' title='bbox 518 2074 604 2140; x_wconf 75' lang='lat' dir='ltr'>noe,</span> <span class='ocrx_word' id='word_1_78' title='bbox 623 2060 857 2147; x_wconf 84' lang='lat' dir='ltr'>praesentem</span> <span class='ocrx_word' id='word_1_79' title='bbox 877 2051 944 2146; x_wconf 93' lang='lat' dir='ltr'>qui</span> <span class='ocrx_word' id='word_1_80' title='bbox 962 2051 1078 2124; x_wconf 88' lang='lat' dir='ltr'>talem</span> <span class='ocrx_word' id='word_1_81' title='bbox 1097 2049 1531 2146; x_wconf 58' lang='lat' dir='ltr'>aeternaequae),</span> <span class='ocrx_word' id='word_1_82' title='bbox 1578 2119 1580 2122; x_wconf 88' lang='lat'>.</span> <span class='ocrx_word' id='word_1_83' title='bbox 1630 2055 1668 2088; x_wconf 90' lang='grc'>’·</span> <span class='ocrx_word' id='word_1_84' title='bbox 1709 2121 1711 2124; x_wconf 85' lang='grc'><strong>,</strong></span> 
     </span>
     <span class='ocr_line' id='line_1_14' title="bbox 450 2154 1446 2256; baseline 0.001 -27"><span class='ocrx_word' id='word_1_85' title='bbox 450 2154 606 2256; x_wconf 86' lang='lat' dir='ltr'>Saepius</span> <span class='ocrx_word' id='word_1_86' title='bbox 624 2156 791 2250; x_wconf 87' lang='lat' dir='ltr'>alloquio</span> <span class='ocrx_word' id='word_1_87' title='bbox 810 2181 976 2248; x_wconf 76' lang='lat' dir='ltr'>recreta,</span> <span class='ocrx_word' id='word_1_88' title='bbox 995 2157 1181 2252; x_wconf 89' lang='lat' dir='ltr'>vultuque</span> <span class='ocrx_word' id='word_1_89' title='bbox 1201 2166 1377 2254; x_wconf 84' lang='lat' dir='ltr'>paterno,</span> <span class='ocrx_word' id='word_1_90' title='bbox 1434 2191 1446 2228; x_wconf 79' lang='grc'>,-</span> 
     </span>
     <span class='ocr_line' id='line_1_15' title="bbox 554 2261 1688 2362; baseline 0.003 -27"><span class='ocrx_word' id='word_1_91' title='bbox 554 2261 661 2352; x_wconf 83' lang='lat' dir='ltr'>Quae</span> <span class='ocrx_word' id='word_1_92' title='bbox 679 2261 749 2336; x_wconf 93' lang='lat' dir='ltr'>tibi</span> <span class='ocrx_word' id='word_1_93' title='bbox 768 2289 982 2362; x_wconf 88' lang='lat' dir='ltr'>promemus</span> <span class='ocrx_word' id='word_1_94' title='bbox 1001 2263 1159 2338; x_wconf 88' lang='lat' dir='ltr'>meritae</span> <span class='ocrx_word' id='word_1_95' title='bbox 1178 2264 1377 2362; x_wconf 84' lang='lat' dir='ltr'>praeconia</span> <span class='ocrx_word' id='word_1_96' title='bbox 1394 2265 1557 2340; x_wconf 71' lang='lat' dir='ltr'>rendist</span> <span class='ocrx_word' id='word_1_97' title='bbox 1662 2299 1665 2302; x_wconf 95' lang='lat'>·</span> <span class='ocrx_word' id='word_1_98' title='bbox 1685 2273 1688 2276; x_wconf 81' lang='grc'><strong>’</strong></span> 
     </span>
     <span class='ocr_line' id='line_1_16' title="bbox 449 2363 1477 2469; baseline 0.006 -28"><span class='ocrx_word' id='word_1_99' title='bbox 449 2369 552 2442; x_wconf 90' lang='lat' dir='ltr'>Haec</span> <span class='ocrx_word' id='word_1_100' title='bbox 572 2380 720 2461; x_wconf 85' lang='lat' dir='ltr'>nostras</span> <span class='ocrx_word' id='word_1_101' title='bbox 740 2383 919 2469; x_wconf 88' lang='lat' dir='ltr'>superant</span> <span class='ocrx_word' id='word_1_102' title='bbox 937 2371 1058 2445; x_wconf 87' lang='lat' dir='ltr'>vires:</span> <span class='ocrx_word' id='word_1_103' title='bbox 1078 2372 1166 2444; x_wconf 92' lang='lat' dir='ltr'>hinc</span> <span class='ocrx_word' id='word_1_104' title='bbox 1186 2372 1347 2469; x_wconf 84' lang='lat' dir='ltr'>pectoris</span> <span class='ocrx_word' id='word_1_105' title='bbox 1365 2371 1433 2446; x_wconf 90' lang='lat' dir='ltr'>imi</span> <span class='ocrx_word' id='word_1_106' title='bbox 1448 2371 1450 2378; x_wconf 72' lang='grc'><em>’</em></span> <span class='ocrx_word' id='word_1_107' title='bbox 1465 2363 1477 2386; x_wconf 67' lang='grc'><em>”</em></span> 
     </span>
     <span class='ocr_line' id='line_1_17' title="bbox 449 2473 1420 2576; baseline 0.003 -28"><span class='ocrx_word' id='word_1_108' title='bbox 449 2477 549 2548; x_wconf 89' lang='lat' dir='ltr'>Vota</span> <span class='ocrx_word' id='word_1_109' title='bbox 569 2502 636 2576; x_wconf 91' lang='lat' dir='ltr'>per</span> <span class='ocrx_word' id='word_1_110' title='bbox 654 2476 834 2553; x_wconf 85' lang='lat' dir='ltr'>innocuas</span> <span class='ocrx_word' id='word_1_111' title='bbox 853 2479 1002 2552; x_wconf 89' lang='lat' dir='ltr'>coelum</span> <span class='ocrx_word' id='word_1_112' title='bbox 1020 2473 1257 2576; x_wconf 85' lang='lat' dir='ltr'>penetrantia</span> <span class='ocrx_word' id='word_1_113' title='bbox 1276 2480 1420 2576; x_wconf 89' lang='lat' dir='ltr'>palmas</span> 
     </span>
     <span class='ocr_line' id='line_1_18' title="bbox 448 2582 1403 2678; baseline 0.002 -20"><span class='ocrx_word' id='word_1_114' title='bbox 448 2582 651 2675; x_wconf 77' lang='lat' dir='ltr'>TollimuS‚</span> <span class='ocrx_word' id='word_1_115' title='bbox 670 2583 886 2659; x_wconf 89' lang='lat' dir='ltr'>innumeros</span> <span class='ocrx_word' id='word_1_116' title='bbox 904 2586 1023 2677; x_wconf 75' lang='lat' dir='ltr'>solea,</span> <span class='ocrx_word' id='word_1_117' title='bbox 1042 2598 1078 2659; x_wconf 92' lang='lat' dir='ltr'>et</span> <span class='ocrx_word' id='word_1_118' title='bbox 1096 2589 1197 2659; x_wconf 84' lang='lat' dir='ltr'>nube</span> <span class='ocrx_word' id='word_1_119' title='bbox 1216 2597 1403 2678; x_wconf 87' lang='lat' dir='ltr'>carentes,</span> 
     </span>
     <span class='ocr_line' id='line_1_19' title="bbox 447 2689 1338 2794; baseline 0.002 -30"><span class='ocrx_word' id='word_1_120' title='bbox 447 2691 583 2764; x_wconf 82' lang='lat' dir='ltr'>Laetae</span> <span class='ocrx_word' id='word_1_121' title='bbox 602 2689 747 2765; x_wconf 88' lang='lat' dir='ltr'>consilii</span> <span class='ocrx_word' id='word_1_122' title='bbox 765 2717 924 2784; x_wconf 75' lang='lat' dir='ltr'>messer,</span> <span class='ocrx_word' id='word_1_123' title='bbox 942 2693 1145 2794; x_wconf 85' lang='lat' dir='ltr'>largosque</span> <span class='ocrx_word' id='word_1_124' title='bbox 1163 2693 1338 2768; x_wconf 88' lang='lat' dir='ltr'>laborum</span> 
     </span>
     <span class='ocr_line' id='line_1_20' title="bbox 450 2795 1359 2900; baseline 0 -28"><span class='ocrx_word' id='word_1_125' title='bbox 450 2800 481 2872; x_wconf 82' lang='grc' dir='ltr'><strong>Α</strong></span> <span class='ocrx_word' id='word_1_126' title='bbox 502 2798 645 2897; x_wconf 87' lang='lat' dir='ltr'>superis</span> <span class='ocrx_word' id='word_1_127' title='bbox 663 2795 810 2872; x_wconf 81' lang='lat' dir='ltr'>fructus</span> <span class='ocrx_word' id='word_1_128' title='bbox 830 2801 967 2874; x_wconf 88' lang='lat' dir='ltr'>devota</span> <span class='ocrx_word' id='word_1_129' title='bbox 985 2813 1111 2874; x_wconf 88' lang='lat' dir='ltr'>mente</span> <span class='ocrx_word' id='word_1_130' title='bbox 1129 2798 1279 2898; x_wconf 90' lang='lat' dir='ltr'>precati.</span> <span class='ocrx_word' id='word_1_131' title='bbox 1352 2853 1359 2900; x_wconf 63' lang='lat'><em>3</em></span> 
     </span>
    </p>
   </div>
   <div class='ocr_carea' id='block_1_3' title="bbox 940 3226 1155 3301">
    <p class='ocr_par' dir='ltr' id='par_1_3' title="bbox 940 3226 1155 3301">
     <span class='ocr_line' id='line_1_21' title="bbox 940 3226 1155 3301; baseline -0.014 -3"><span class='ocrx_word' id='word_1_132' title='bbox 940 3237 941 3241; x_wconf 75' lang='grc'>’</span> <span class='ocrx_word' id='word_1_133' title='bbox 1048 3226 1155 3301; x_wconf 81' lang='lat' dir='ltr'>IV..</span> 
     </span>
    </p>
   </div>
   <div class='ocr_carea' id='block_1_4' title="bbox 448 3438 1725 3534">
    <p class='ocr_par' dir='ltr' id='par_1_4' title="bbox 448 3438 1725 3534">
     <span class='ocr_line' id='line_1_22' title="bbox 448 3438 1725 3534; baseline 0 -19"><span class='ocrx_word' id='word_1_134' title='bbox 448 3448 501 3516; x_wconf 74' lang='lat' dir='ltr'>Aa</span> <span class='ocrx_word' id='word_1_135' title='bbox 518 3445 706 3534; x_wconf 74' lang='lat' dir='ltr'>Glycerium</span> <span class='ocrx_word' id='word_1_136' title='bbox 725 3438 900 3511; x_wconf 70' lang='lat' dir='ltr'>saturn&lt;</span> <span class='ocrx_word' id='word_1_137' title='bbox 918 3463 937 3513; x_wconf 85' lang='lat' dir='ltr'>e</span> <span class='ocrx_word' id='word_1_138' title='bbox 954 3444 1083 3515; x_wconf 76' lang='lat' dir='ltr'>scholis</span> <span class='ocrx_word' id='word_1_139' title='bbox 1095 3448 1162 3533; x_wconf 75' lang='lat' dir='ltr'>pits</span> <span class='ocrx_word' id='word_1_140' title='bbox 1181 3453 1246 3516; x_wconf 82' lang='lat' dir='ltr'>etc.</span> <span class='ocrx_word' id='word_1_141' title='bbox 1266 3448 1301 3515; x_wconf 83' lang='lat' dir='ltr'>in</span> <span class='ocrx_word' id='word_1_142' title='bbox 1315 3464 1434 3515; x_wconf 79' lang='lat' dir='ltr'>mrcnus</span> <span class='ocrx_word' id='word_1_143' title='bbox 1450 3449 1725 3518; x_wconf 79' lang='lat' dir='ltr'>assessoriscen-</span> 
     </span>
    </p>
   </div>
   <div class='ocr_carea' id='block_1_5' title="bbox 443 3554 1724 3730">
    <p class='ocr_par' dir='ltr' id='par_1_5' title="bbox 443 3554 1724 3730">
     <span class='ocr_line' id='line_1_23' title="bbox 443 3554 1724 3625; baseline 0.001 -3"><span class='ocrx_word' id='word_1_144' title='bbox 443 3556 545 3623; x_wconf 77' lang='lat' dir='ltr'>trans</span> <span class='ocrx_word' id='word_1_145' title='bbox 562 3570 725 3622; x_wconf 79' lang='lat' dir='ltr'>censurae</span> <span class='ocrx_word' id='word_1_146' title='bbox 742 3570 816 3621; x_wconf 82' lang='lat' dir='ltr'>cum</span> <span class='ocrx_word' id='word_1_147' title='bbox 833 3554 1060 3622; x_wconf 79' lang='lat' dir='ltr'>commissione</span> <span class='ocrx_word' id='word_1_148' title='bbox 1077 3554 1261 3623; x_wconf 76' lang='lat' dir='ltr'>studiorum</span> <span class='ocrx_word' id='word_1_149' title='bbox 1281 3556 1477 3624; x_wconf 66' lang='lat' dir='ltr'>coniunctae</span> <span class='ocrx_word' id='word_1_150' title='bbox 1495 3556 1724 3625; x_wconf 79' lang='lat' dir='ltr'>introductum</span> 
     </span>
     <span class='ocr_line' id='line_1_24' title="bbox 1025 3658 1138 3730; baseline -0.009 -2"><span class='ocrx_word' id='word_1_151' title='bbox 1025 3658 1138 3730; x_wconf 71' lang='lat'><strong><em>1840.</em></strong></span> 
     </span>
    </p>
   </div>
   <div class='ocr_carea' id='block_1_6' title="bbox 444 3828 1564 5151">
    <p class='ocr_par' dir='ltr' id='par_1_6' title="bbox 446 3828 1560 4079">
     <span class='ocr_line' id='line_1_25' title="bbox 448 3828 1560 3972; baseline 0.003 -31"><span class='ocrx_word' id='word_1_152' title='bbox 448 3828 503 3944; x_wconf 71' lang='lat' dir='ltr'>Te</span> <span class='ocrx_word' id='word_1_153' title='bbox 524 3894 626 3960; x_wconf 90' lang='lat' dir='ltr'>mea,</span> <span class='ocrx_word' id='word_1_154' title='bbox 645 3893 763 3967; x_wconf 85' lang='lat' dir='ltr'>parva</span> <span class='ocrx_word' id='word_1_155' title='bbox 782 3868 957 3963; x_wconf 87' lang='lat' dir='ltr'>quidem,</span> <span class='ocrx_word' id='word_1_156' title='bbox 971 3896 1044 3945; x_wconf 87' lang='lat' dir='ltr'>nec</span> <span class='ocrx_word' id='word_1_157' title='bbox 1063 3872 1272 3972; x_wconf 81' lang='lat' dir='ltr'>grandibus</span> <span class='ocrx_word' id='word_1_158' title='bbox 1291 3872 1346 3945; x_wconf 91' lang='lat' dir='ltr'>ire</span> <span class='ocrx_word' id='word_1_159' title='bbox 1365 3870 1560 3947; x_wconf 82' lang='lat' dir='ltr'>cothurnis</span> 
     </span>
     <span class='ocr_line' id='line_1_26' title="bbox 446 3975 1390 4079; baseline 0 -28"><span class='ocrx_word' id='word_1_160' title='bbox 446 3978 584 4064; x_wconf 81' lang='lat' dir='ltr'>Audax</span> <span class='ocrx_word' id='word_1_161' title='bbox 603 4000 711 4051; x_wconf 90' lang='lat' dir='ltr'>musa</span> <span class='ocrx_word' id='word_1_162' title='bbox 729 3975 792 4076; x_wconf 88' lang='lat' dir='ltr'>pia</span> <span class='ocrx_word' id='word_1_163' title='bbox 811 3978 1011 4076; x_wconf 88' lang='lat' dir='ltr'>compellat</span> <span class='ocrx_word' id='word_1_164' title='bbox 1031 4004 1145 4071; x_wconf 87' lang='lat' dir='ltr'>voce,</span> <span class='ocrx_word' id='word_1_165' title='bbox 1164 3977 1390 4079; x_wconf 80' lang='lat' dir='ltr'>Glyceri!</span> 
     </span>
    </p>

    <p class='ocr_par' dir='ltr' id='par_1_7' title="bbox 446 4083 1562 4398">
     <span class='ocr_line' id='line_1_27' title="bbox 447 4083 1562 4183; baseline 0 -24"><span class='ocrx_word' id='word_1_166' title='bbox 447 4085 549 4159; x_wconf 84' lang='lat' dir='ltr'>Voce</span> <span class='ocrx_word' id='word_1_167' title='bbox 568 4083 650 4181; x_wconf 83' lang='lat' dir='ltr'>pia,</span> <span class='ocrx_word' id='word_1_168' title='bbox 670 4084 762 4178; x_wconf 92' lang='lat' dir='ltr'>quid</span> <span class='ocrx_word' id='word_1_169' title='bbox 782 4084 913 4158; x_wconf 78' lang='lat' dir='ltr'>enim?</span> <span class='ocrx_word' id='word_1_170' title='bbox 934 4086 1146 4183; x_wconf 88' lang='lat' dir='ltr'>pietasnisi</span> <span class='ocrx_word' id='word_1_171' title='bbox 1165 4086 1325 4159; x_wconf 81' lang='lat' dir='ltr'>candida</span> <span class='ocrx_word' id='word_1_172' title='bbox 1344 4110 1487 4159; x_wconf 85' lang='lat' dir='ltr'>sacram</span> <span class='ocrx_word' id='word_1_173' title='bbox 1560 4132 1562 4141; x_wconf 83' lang='lat'><em>·</em></span> 
     </span>
     <span class='ocr_line' id='line_1_28' title="bbox 446 4190 1460 4292; baseline -0.002 -25"><span class='ocrx_word' id='word_1_174' title='bbox 446 4190 627 4267; x_wconf 80' lang='lat' dir='ltr'>Accendit</span> <span class='ocrx_word' id='word_1_175' title='bbox 645 4192 858 4283; x_wconf 88' lang='lat' dir='ltr'>flammam,</span> <span class='ocrx_word' id='word_1_176' title='bbox 876 4192 1020 4267; x_wconf 88' lang='lat' dir='ltr'>meritis</span> <span class='ocrx_word' id='word_1_177' title='bbox 1040 4218 1116 4288; x_wconf 88' lang='lat' dir='ltr'>qua</span> <span class='ocrx_word' id='word_1_178' title='bbox 1133 4192 1248 4267; x_wconf 92' lang='lat' dir='ltr'>thura</span> <span class='ocrx_word' id='word_1_179' title='bbox 1266 4192 1460 4292; x_wconf 81' lang='lat' dir='ltr'>magistris</span> 
     </span>
     <span class='ocr_line' id='line_1_29' title="bbox 446 4295 1310 4398; baseline -0.003 -23"><span class='ocrx_word' id='word_1_180' title='bbox 446 4300 593 4375; x_wconf 87' lang='lat' dir='ltr'>Devota</span> <span class='ocrx_word' id='word_1_181' title='bbox 612 4296 776 4371; x_wconf 86' lang='lat' dir='ltr'>ardentis</span> <span class='ocrx_word' id='word_1_182' title='bbox 796 4298 979 4397; x_wconf 89' lang='lat' dir='ltr'>crepitent</span> <span class='ocrx_word' id='word_1_183' title='bbox 995 4300 1036 4373; x_wconf 93' lang='lat' dir='ltr'>in</span> <span class='ocrx_word' id='word_1_184' title='bbox 1055 4295 1215 4398; x_wconf 86' lang='lat' dir='ltr'>pectoris</span> <span class='ocrx_word' id='word_1_185' title='bbox 1234 4324 1310 4373; x_wconf 89' lang='lat' dir='ltr'>ara.</span> 
     </span>
    </p>

    <p class='ocr_par' dir='ltr' id='par_1_8' title="bbox 444 4404 1564 4719">
     <span class='ocr_line' id='line_1_30' title="bbox 445 4404 1564 4508; baseline -0.001 -28"><span class='ocrx_word' id='word_1_186' title='bbox 445 4405 595 4497; x_wconf 83' lang='lat' dir='ltr'>Quidve</span> <span class='ocrx_word' id='word_1_187' title='bbox 614 4404 721 4504; x_wconf 92' lang='lat' dir='ltr'>pium</span> <span class='ocrx_word' id='word_1_188' title='bbox 739 4415 888 4480; x_wconf 84' lang='lat' dir='ltr'>tenerae</span> <span class='ocrx_word' id='word_1_189' title='bbox 906 4406 1029 4508; x_wconf 81' lang='lat' dir='ltr'>magis</span> <span class='ocrx_word' id='word_1_190' title='bbox 1048 4417 1123 4500; x_wconf 77' lang='lat' dir='ltr'>est,</span> <span class='ocrx_word' id='word_1_191' title='bbox 1142 4407 1360 4503; x_wconf 89' lang='lat' dir='ltr'>iustumque</span> <span class='ocrx_word' id='word_1_192' title='bbox 1379 4406 1564 4483; x_wconf 75' lang='lat' dir='ltr'>Thaliae?</span> 
     </span>
     <span class='ocr_line' id='line_1_31' title="bbox 444 4509 1532 4609; baseline 0 -22"><span class='ocrx_word' id='word_1_193' title='bbox 444 4513 570 4605; x_wconf 80' lang='lat' dir='ltr'>Quam</span> <span class='ocrx_word' id='word_1_194' title='bbox 589 4537 682 4608; x_wconf 86' lang='lat' dir='ltr'>quos</span> <span class='ocrx_word' id='word_1_195' title='bbox 701 4509 804 4586; x_wconf 82' lang='lat' dir='ltr'>fama</span> <span class='ocrx_word' id='word_1_196' title='bbox 822 4513 975 4605; x_wconf 83' lang='lat' dir='ltr'>volana,</span> <span class='ocrx_word' id='word_1_197' title='bbox 995 4538 1090 4609; x_wconf 87' lang='lat' dir='ltr'>quos</span> <span class='ocrx_word' id='word_1_198' title='bbox 1108 4514 1232 4589; x_wconf 87' lang='lat' dir='ltr'>virtus</span> <span class='ocrx_word' id='word_1_199' title='bbox 1250 4517 1370 4589; x_wconf 84' lang='lat' dir='ltr'>ardua</span> <span class='ocrx_word' id='word_1_200' title='bbox 1387 4524 1532 4605; x_wconf 83' lang='lat' dir='ltr'>vectat,</span> 
     </span>
     <span class='ocr_line' id='line_1_32' title="bbox 444 4620 1329 4719; baseline -0.006 -21"><span class='ocrx_word' id='word_1_201' title='bbox 444 4620 683 4698; x_wconf 81' lang='lat' dir='ltr'>Carminibus</span> <span class='ocrx_word' id='word_1_202' title='bbox 701 4620 837 4719; x_wconf 85' lang='lat' dir='ltr'>dignos</span> <span class='ocrx_word' id='word_1_203' title='bbox 855 4620 1027 4695; x_wconf 81' lang='lat' dir='ltr'>venturis</span> <span class='ocrx_word' id='word_1_204' title='bbox 1047 4621 1169 4696; x_wconf 85' lang='lat' dir='ltr'>dicere</span> <span class='ocrx_word' id='word_1_205' title='bbox 1188 4622 1329 4696; x_wconf 86' lang='lat' dir='ltr'>saeclis.</span> 
     </span>
    </p>

    <p class='ocr_par' dir='ltr' id='par_1_9' title="bbox 444 4727 1511 5151">
     <span class='ocr_line' id='line_1_33' title="bbox 444 4727 1408 4819; baseline -0.004 -15"><span class='ocrx_word' id='word_1_206' title='bbox 444 4729 516 4804; x_wconf 92' lang='lat' dir='ltr'>Hic</span> <span class='ocrx_word' id='word_1_207' title='bbox 535 4738 662 4802; x_wconf 84' lang='lat' dir='ltr'>noster</span> <span class='ocrx_word' id='word_1_208' title='bbox 681 4727 729 4801; x_wconf 89' lang='lat' dir='ltr'>sit</span> <span class='ocrx_word' id='word_1_209' title='bbox 747 4752 872 4819; x_wconf 86' lang='lat' dir='ltr'>amor,</span> <span class='ocrx_word' id='word_1_210' title='bbox 891 4751 1022 4802; x_wconf 89' lang='lat' dir='ltr'>cursus</span> <span class='ocrx_word' id='word_1_211' title='bbox 1041 4728 1135 4804; x_wconf 89' lang='lat' dir='ltr'>haec</span> <span class='ocrx_word' id='word_1_212' title='bbox 1153 4741 1278 4804; x_wconf 84' lang='lat' dir='ltr'>verset</span> <span class='ocrx_word' id='word_1_213' title='bbox 1295 4753 1408 4803; x_wconf 89' lang='lat' dir='ltr'>arena</span> 
     </span>
     <span class='ocr_line' id='line_1_34' title="bbox 445 4834 1511 4940; baseline -0.003 -30"><span class='ocrx_word' id='word_1_214' title='bbox 445 4836 619 4927; x_wconf 74' lang='lat' dir='ltr'>Nostrm,</span> <span class='ocrx_word' id='word_1_215' title='bbox 637 4834 765 4924; x_wconf 71' lang='lat' dir='ltr'>hoece,</span> <span class='ocrx_word' id='word_1_216' title='bbox 784 4859 936 4934; x_wconf 85' lang='lat' dir='ltr'>precor,</span> <span class='ocrx_word' id='word_1_217' title='bbox 955 4862 1040 4910; x_wconf 90' lang='lat' dir='ltr'>mea</span> <span class='ocrx_word' id='word_1_218' title='bbox 1058 4837 1165 4911; x_wconf 86' lang='lat' dir='ltr'>ludat</span> <span class='ocrx_word' id='word_1_219' title='bbox 1184 4837 1367 4940; x_wconf 83' lang='lat' dir='ltr'>cymbula</span> <span class='ocrx_word' id='word_1_220' title='bbox 1384 4845 1511 4934; x_wconf 90' lang='lat' dir='ltr'>ponto.</span> 
     </span>
     <span class='ocr_line' id='line_1_35' title="bbox 444 4940 1459 5044; baseline 0 -27"><span class='ocrx_word' id='word_1_221' title='bbox 444 4940 520 5017; x_wconf 87' lang='lat' dir='ltr'>Nec</span> <span class='ocrx_word' id='word_1_222' title='bbox 538 4941 611 5017; x_wconf 92' lang='lat' dir='ltr'>nisi</span> <span class='ocrx_word' id='word_1_223' title='bbox 628 4940 762 5015; x_wconf 88' lang='lat' dir='ltr'>virtuti</span> <span class='ocrx_word' id='word_1_224' title='bbox 780 4942 939 5017; x_wconf 87' lang='lat' dir='ltr'>veniunt</span> <span class='ocrx_word' id='word_1_225' title='bbox 956 4946 1053 5018; x_wconf 89' lang='lat' dir='ltr'>benc</span> <span class='ocrx_word' id='word_1_226' title='bbox 1071 4946 1258 5044; x_wconf 78' lang='lat' dir='ltr'>praemia3</span> <span class='ocrx_word' id='word_1_227' title='bbox 1277 4968 1345 5018; x_wconf 89' lang='lat' dir='ltr'>nec</span> <span class='ocrx_word' id='word_1_228' title='bbox 1365 4954 1459 5035; x_wconf 82' lang='lat' dir='ltr'>stat,</span> 
     </span>
     <span class='ocr_line' id='line_1_36' title="bbox 446 5047 1448 5151; baseline 0.003 -29"><span class='ocrx_word' id='word_1_229' title='bbox 446 5047 585 5124; x_wconf 88' lang='lat' dir='ltr'>Virtuti</span> <span class='ocrx_word' id='word_1_230' title='bbox 603 5048 676 5124; x_wconf 91' lang='lat' dir='ltr'>nisi</span> <span class='ocrx_word' id='word_1_231' title='bbox 694 5049 797 5142; x_wconf 84' lang='lat' dir='ltr'>laus,</span> <span class='ocrx_word' id='word_1_232' title='bbox 816 5050 1011 5143; x_wconf 76' lang='lat' dir='ltr'>othones,</span> <span class='ocrx_word' id='word_1_233' title='bbox 1030 5077 1256 5149; x_wconf 87' lang='lat' dir='ltr'>nomemque</span> <span class='ocrx_word' id='word_1_234' title='bbox 1276 5076 1448 5151; x_wconf 85' lang='lat' dir='ltr'>perenne.</span> 
     </span>
    </p>
   </div>
   <div class='ocr_carea' id='block_1_7' title="bbox 0 0 2046 6000">
    <p class='ocr_par' dir='ltr' id='par_1_10' title="bbox 0 0 2046 6000">
     <span class='ocr_line' id='line_1_37' title="bbox 0 0 2046 6000; baseline 0 4"><span class='ocrx_word' id='word_1_235' title='bbox 0 0 2046 6000; x_wconf 95' lang='lat' dir='ltr'> </span> 
     </span>
    </p>
   </div>
  </div>
 </body>
</html>
