4084 6000
918 681 1126 694 Μ

827 968 830 980 ’
865 992 1064 1098 Elegia
1091 993 1180 1078 vl.

777 1213 903 1286 Monta
929 1214 1141 1284 autumnalia
1171 1212 1296 1294 1829„

446 1386 618 1523 Undique
637 1428 841 1500 densantur
858 1425 1040 1527 gravidae
1059 1449 1170 1524 super
1189 1425 1339 1502 aethere
1358 1430 1495 1520 nubea,

550 1531 758 1608 Imbriferis
778 1532 846 1608 alis
864 1558 960 1630 quas
977 1533 1084 1606 vehit
1102 1533 1180 1632 ipse
1199 1531 1328 1609 Notus.

445 1643 521 1720 Nec
539 1644 674 1717 mora‘?
693 1640 845 1737 iamque
862 1642 989 1721 oculos
1008 1638 1163 1740 fugiunt
1181 1639 1423 1736 coelumque,
1444 1640 1617 1740 diesque3

549 1749 676 1824 Turbo
695 1746 844 1840 fremit,
862 1747 1001 1847 pluviis
1019 1758 1122 1822 terra
1138 1747 1318 1822 madescit
1336 1748 1455 1843 aquis,

447 1858 595 1936 Grande
614 1857 739 1930 lutum
758 1855 1004 1951 queriturque
1024 1880 1167 1947 moras,
1186 1855 1399 1952 quicunque
1417 1857 1541 1932 viator

551 1962 736 2040 Autumni
755 1987 836 2038 sero
853 1971 1022 2061 tempore
1041 1961 1162 2061 carpit
1180 1961 1261 2038 iter.

447 2072 549 2146 Haec
567 2072 704 2146 Boreas
722 2072 859 2144 buccas
877 2069 1031 2143 inflatus
1051 2071 1141 2144 dum
1160 2069 1282 2158 videt:
1303 2070 1483 2145 Austrum

552 2179 692 2270 Tanta,
710 2176 855 2272 inquit,
875 2174 1070 2251 dominum
1089 2177 1172 2250 iura
1191 2186 1316 2252 tenere
1337 2176 1487 2252 sinam?

449 2285 498 2362 At
515 2285 612 2361 mihi
629 2309 697 2360 cur
714 2283 843 2358 vires?
863 2309 931 2358 cur
950 2293 1093 2382 septem
1111 2308 1229 2383 regna
1246 2283 1429 2375 trionum,

554 2392 592 2469 si
611 2417 795 2489 nequeam
813 2401 955 2466 turmas
975 2391 1189 2490 opposuisse
1207 2394 1338 2466 meas?

447 2501 626 2592 Dixerat3
645 2511 682 2574 et
700 2500 811 2573 solito
829 2498 970 2574 maiore
988 2499 1235 2574 tumentisab
1254 2511 1360 2574 aestu

553 2607 666 2682 Ecce!
686 2604 813 2681 furens
832 2607 973 2681 Boreae
991 2631 1131 2706 magna
1150 2617 1301 2680 caterva
1318 2606 1406 2681 ruit.

448 2716 623 2811 Dumque
642 2714 720 2788 ruit
737 2713 858 2813 glacie
876 2713 1094 2789 constrictas
1112 2714 1280 2813 increpat
1298 2715 1392 2806 alas,

553 2822 717 2916 Moxque
737 2819 847 2920 fugat
864 2830 944 2895 toto
963 2821 1096 2896 nubila
1114 2833 1249 2895 cuncta
1267 2819 1364 2919 polo.

449 2931 534 3005 Lux
554 2931 664 3003 modo
682 2939 792 3029 grata
809 2928 928 3020 redit,
945 2927 1058 3004 facies
1077 2953 1225 3026 quoque
1244 2928 1394 3005 caerula
1412 2927 1597 3031 Olympo,

554 3036 727 3112 Nubibus
744 3037 784 3109 in
802 3036 921 3136 nigris
939 3061 1035 3131 quae
1054 3038 1195 3111 latuere
1214 3036 1290 3111 diu.
1385 3032 1387 3036 ’

456 3143 527 3220 Sed
545 3143 659 3218 simul
676 3142 771 3222 acris
788 3143 909 3217 hiems
927 3144 1028 3217 canis
1047 3154 1199 3223 onerata
1216 3143 1359 3243 pruinis

469 3319 471 3322 ,
557 3253 678 3346 Atque
699 3252 856 3325 molesta
874 3250 986 3325 nimis
1004 3248 1150 3351 frigora
1167 3277 1263 3350 pone
1281 3251 1421 3327 volant.

451 3358 609 3456 Quaque
627 3357 758 3432 volant
775 3357 924 3456 patulos
943 3357 1091 3451 hortos,
1109 3383 1333 3458 camposque
1351 3359 1516 3439 virentes

555 3466 700 3542 Ornatu
717 3464 898 3557 viduant,
917 3476 955 3539 et
972 3462 1104 3541 nemus
1123 3492 1232 3541 omne
1250 3492 1328 3547 suc.
1359 3491 1360 3495 ’

381 3575 384 3582 '
451 3575 526 3651 En!
544 3571 653 3648 laetis
671 3598 792 3672 nuper
809 3572 1041 3647 circumdata
1060 3571 1255 3651 frondibus
1272 3573 1400 3652 ulmus

486 3721 489 3728 v
556 3680 677 3756 Triste
696 3690 790 3773 stat,
808 3677 1025 3755 umbriferis
1044 3681 1247 3780 despoliata
1266 3682 1392 3757 comis.

455 3789 531 3868 Nec
549 3788 672 3864 tristes
689 3788 796 3864 vidui
816 3786 981 3888 gemitus
999 3790 1110 3863 modo
1128 3789 1286 3863 turturis
1306 3790 1432 3881 audit,

548 3894 604 3986 ¹Et
622 3920 742 3992 neque
760 3893 913 3971 defessis
932 3899 1101 3974 membra
1119 3896 1250 3993 quiete
1264 3896 1375 3989 levat.

379 4008 382 4014 ’
452 4006 601 4084 Scilicet
617 4006 838 4079 umbrosum
856 4003 994 4077 Boreas
1013 4004 1177 4079 decussit
1195 4004 1376 4081 honorem

555 4111 704 4208 Quique
721 4110 833 4211 vigor
850 4108 951 4186 foliis
968 4110 1140 4204 vixerat,
1160 4112 1281 4186 omnis
1301 4115 1418 4189 abest.

452 4220 596 4297 Etiam
613 4228 732 4295 morte
750 4217 844 4292 levis
863 4214 1041 4293 folionum
1059 4222 1171 4294 turba
1189 4216 1368 4312 furentis,

554 4324 775 4402 Ludibrium
793 4324 919 4417 venti,
938 4326 1107 4420 qualibet
1125 4337 1208 4401 acta
1226 4327 1340 4402 volat.

451 4435 557 4513 Talia
575 4432 736 4509 sollertis
754 4433 845 4507 dum
862 4442 1005 4531 spectat
1023 4457 1113 4509 cura
1131 4433 1279 4526 coloni,

552 4539 652 4617 Num
669 4538 818 4631 tremit,
838 4549 874 4619 et
892 4540 1029 4616 dubius
1047 4548 1198 4641 pectora
1215 4542 1378 4643 languor
1395 4541 1541 4619 habet?

452 4650 519 4727 Ast
535 4648 594 4724 illi
611 4648 708 4724 dites
725 4658 906 4747 rumpunt
923 4674 1016 4747 pene
1035 4649 1170 4723 horrea
1188 4674 1344 4743 messes,

553 4754 603 4831 Et
620 4764 793 4831 numerat
810 4755 940 4830 multis
960 4756 1085 4831 dulcia
1104 4756 1194 4831 vina
1212 4758 1325 4832 cadis.

449 4863 630 4947 Laetitiae
646 4862 736 4938 hinc
754 4861 898 4956 illicet,
916 4862 1004 4937 hinc
1024 4874 1078 4939 est
1096 4888 1247 4961 quoque
1264 4864 1434 4940 maxima
1452 4864 1548 4943 lucri

555 4969 665 5071 Spes,
683 4980 720 5045 et
736 4970 908 5069 provisae
927 4974 1123 5048 commoda
1141 4972 1262 5048 multa
1282 4973 1424 5049 domus.
