4084 6000
429 586 535 663 XXII

431 872 484 950 Ut
502 870 676 972 cupimus
694 868 914 971 pulchram,
932 870 1084 946 macula
1102 873 1182 948 sine
1199 869 1322 947 dicere
1340 880 1480 967 totam,

591 996 696 1089 Quae
714 995 839 1072 fuerat
855 997 1010 1072 Domini
1027 996 1150 1073 Mater
1167 1007 1293 1072 amata
1310 997 1381 1074 sui.

432 1176 486 1254 Ut
504 1177 676 1278 cupimus
694 1177 841 1253 stellam
857 1176 1008 1277 plenam
1026 1173 1177 1278 fulgore
1196 1175 1329 1271 fateri,

590 1303 639 1378 Et
657 1303 736 1378 sine
753 1302 898 1403 peccati
915 1327 1032 1404 vepre
1050 1299 1166 1377 fuisse
1184 1325 1319 1378 rosam.

434 1478 527 1575 Quis
546 1483 635 1577 scit,
655 1509 702 1558 an
719 1482 809 1557 hinc
828 1483 964 1557 nostris
983 1458 1180 1584 contingat
1198 1483 1325 1584 gratia
1347 1469 1487 1585 culpis:

593 1608 641 1684 Et
659 1607 809 1684 videam
827 1605 957 1682 faciles
975 1610 1025 1718 ad
1041 1633 1126 1683 mea
1144 1617 1235 1716 vota
1251 1608 1387 1708 polos?

436 1787 591 1865 Summa
609 1788 698 1862 licet
715 1812 887 1887 promam
906 1787 1057 1861 divinae
1076 1788 1246 1863 encomia
1263 1787 1395 1885 Matri3

594 1913 749 2013 Semper
767 1922 878 1988 erunt
895 1911 994 1988 votis
1013 1896 1087 1986 issa,
1098 1911 1244 1988 minora
1261 1913 1366 1986 meis.
1432 1956 1435 1964 ·

436 2090 529 2183 Quis
548 2093 641 2169 coeli
657 2091 890 2168 Dominam?
910 2090 994 2188 quis
1012 2089 1150 2167 miram
1169 2090 1210 2166 in
1226 2060 1378 2192 virgine
1396 2090 1557 2166 Matrem

594 2217 681 2328 Rite
699 2217 785 2314 quis
802 2216 938 2292 haecce
957 2217 1036 2316 poli
1054 2226 1120 2310 „tu
1136 2215 1358 2293 benedicta“
1377 2217 1512 2291 sonet?

438 2396 548 2488 Quod
566 2398 698 2494 nequit
716 2423 796 2491 ars,
816 2407 1008 2494 nequeunt
1026 2405 1156 2472 tenues
1174 2396 1214 2472 in
1230 2396 1396 2473 carmine
1413 2397 1533 2491 virsa,

594 2525 732 2600 Debita
749 2533 989 2624 compensent
1005 2533 1116 2616 vota,
1134 2523 1274 2617 Maria,
1292 2523 1375 2599 tibi.

439 2703 584 2804 Aspicis
602 2731 624 2780 o
642 2705 764 2780 Mater
781 2703 910 2779 divino
927 2703 1104 2804 proxima
1122 2713 1234 2797 nato,

597 2831 650 2906 Ut
668 2831 838 2928 liqueant
855 2829 944 2925 toti,
964 2854 1063 2928 quos
1076 2830 1161 2931 pius
1178 2827 1256 2906 urit
1275 2827 1399 2904 amorl

444 3009 580 3106 Cerne,
599 3012 715 3087 Pius
732 3013 848 3113 longo
867 3010 1038 3110 procedit
1055 3010 1096 3084 in
1115 3008 1245 3085 ordine
1264 3008 1427 3111 primus!

600 3135 775 3228 (Nomine
793 3162 886 3211 num
903 3146 1008 3211 tanto
1027 3134 1180 3236 dignior
1198 3135 1300 3209 ullus
1318 3146 1399 3211 erat
1407 3135 1448 3225 l)

442 3317 553 3411 Mox,
573 3341 649 3415 qua
666 3316 854 3416 procurrit
873 3314 1028 3416 spatiosi
1046 3314 1227 3390 terminus
1246 3313 1368 3408 orbis,

601 3442 761 3519 Aemula
778 3441 946 3516 succedit
964 3466 1052 3516 cum
1070 3439 1209 3542 pietate
1227 3437 1333 3514 fides.

445 3627 539 3703 Cum
558 3623 707 3726 populis
724 3646 852 3724 reges,
870 3578 968 3723 grex
987 3644 1074 3696 cum
1093 3628 1243 3721 pastore
1258 3616 1383 3693 fidelis

605 3750 839 3827 Submittunt
856 3748 931 3823 aris
950 3772 1088 3844 corque
1106 3756 1294 3846 caputque
1312 3744 1401 3819 tuis.

365 3955 375 3988 1
447 3937 479 4015 Ο
497 3958 569 4037 age
587 3938 695 4009 flecte
713 3932 840 4007 oculos
858 3928 1077 4005 mitissima!
1097 3925 1261 4027 respice,
1279 3934 1442 4023 quantus

606 4057 829 4159 Terrigenas
848 4055 1005 4131 miseros
1025 4051 1187 4131 turbinis
1205 4059 1328 4128 aestus
1348 4049 1455 4152 agat!

412 4316 415 4321 ,
446 4245 541 4337 Fac,
559 4240 734 4342 precibus
753 4236 867 4345 fusis,
886 4236 989 4336 pacis
1006 4234 1212 4310 revirescat
1230 4230 1352 4328 oliva3

604 4367 679 4440 Fac
697 4365 826 4438 redeat
844 4372 983 4454 terrae,
1002 4384 1079 4457 qua
1097 4367 1200 4433 caret
1218 4380 1354 4457 aegra,
1372 4355 1484 4441 salus.

450 4550 510 4627 Sic
529 4528 849 4646 quaquaversum
869 4540 961 4633 tibi,
976 4539 1099 4632 Diva,
1117 4536 1260 4612 rosaria
1279 4544 1458 4637 surgant,
1531 4610 1540 4621 ,

605 4670 787 4768 Nexaque
805 4666 1004 4768 stelligeris
1023 4665 1099 4741 sint
1116 4687 1215 4738 nova
1233 4671 1332 4737 serta
1349 4658 1477 4741 comis.

449 4857 510 4950 Sic
525 4832 688 4956 magnae
704 4848 886 4927 Dominae
904 4844 976 4923 tibi
993 4844 1135 4946 gloria,
1151 4843 1309 4939 lausque
1326 4849 1525 4941 perennet:

513 5006 521 5023 ‘
608 4978 667 5055 Sic
685 4985 757 5052 stst
774 4972 960 5077 praesidio
976 4958 1078 5045 terra
1095 4970 1278 5070 polusque
1296 4964 1381 5041 tuol
1427 5078 1429 5083 ,

944 5132 1206 5155 w·
