4084 6000
1024 619 1072 690 68

466 836 623 910 Munere
641 846 695 907 tu
712 834 874 922 Divum,
891 845 944 906 tu
962 831 1063 930 regis
1081 855 1214 928 nempe
1233 827 1363 902 favore

572 942 769 1016 Musarum
788 964 986 1039 praeses
1003 937 1163 1036 pulchra
1180 937 1332 1010 'theatra
1349 935 1462 1009 subis.

467 1047 591 1138 Quam
610 1051 703 1123 benc
723 1047 912 1145 conspiret
930 1050 1107 1144 superum
1126 1069 1334 1143 regumque
1352 1044 1551 1138 voluntas3

573 1156 625 1230 Te
643 1155 760 1251 siquis
776 1155 926 1244 videat,
943 1153 998 1229 nil
1016 1151 1188 1224 dubitare
1207 1151 1345 1249 potest!

467 1262 641 1360 Corporis
660 1276 772 1358 atque
791 1261 908 1334 animi
926 1261 1122 1334 cumulant
1141 1271 1185 1332 tc
1204 1259 1355 1332 dotibus
1375 1256 1479 1352 illi3

446 1447 450 1452 ,
571 1371 643 1443 Hic
661 1372 777 1444 talem
795 1368 936 1442 eximio
955 1365 1057 1440 tollit
1076 1366 1214 1439 honore
1233 1367 1368 1438 virum.

465 1476 526 1550 Illi
545 1491 592 1550 te
610 1477 745 1552 studiis
765 1475 910 1550 faciunt
927 1474 1145 1568 virtuteque
1163 1475 1327 1564 clarum,

574 1585 646 1657 Hic
665 1583 800 1658 statuit
817 1582 961 1656 meritis
980 1580 1147 1679 praemia
1166 1580 1412 1680 digna-tuis.

465 1692 541 1765 Iste
560 1694 677 1765 novos
696 1691 821 1764 aditus
840 1689 977 1763 virtuti
996 1689 1126 1786 pandit
1145 1688 1351 1784 honorum3

569 1798 649 1890 Illi,
670 1823 745 1893 quo
764 1799 912 1888 valeas,
932 1795 1159 1885 obtinuisse,
1178 1798 1333 1868 dabunt.

465 1906 612 1982 Grande
632 1906 733 2005 capis
752 1931 890 1978 munus
902 1929 1005 2001 ,lquo
1024 1902 1167 2002 vixest
1185 1904 1366 2002 grandius
1384 1903 1527 1992 ullum,

571 2013 610 2087 si
628 2016 739 2087 modo
759 2039 838 2086 rem
857 2011 962 2086 iusta
975 2012 1081 2082 lance
1102 2021 1227 2084 tenere
1247 2010 1354 2083 velis.

465 2121 626 2220 Iungere
645 2147 732 2193 nam
751 2131 898 2193 teneras
916 2143 1043 2191 musas
1062 2118 1174 2190 simul
1194 2130 1306 2211 atque
1326 2139 1496 2208 severaS,

567 2227 654 2319 Est,
674 2254 786 2323 quem
806 2227 983 2299 formidet
1001 2249 1163 2324 magnus
1185 2226 1338 2322 Apollo,
1357 2227 1474 2298 labor.
1552 2226 1557 2234 ’

466 2334 565 2408 Hinc
586 2335 750 2408 tumidas
769 2335 912 2408 bicolor
931 2333 1109 2405 discindit
1128 2334 1252 2428 opinio
1273 2347 1435 2423 mentm,

570 2441 660 2515 Inde
679 2443 786 2516 leves.
800 2442 969 2514 titubans
990 2463 1145 2536 spesque
1166 2451 1361 2535 metusque
1381 2437 1511 2514 trahit.

465 2547 568 2622 Haec
587 2549 660 2623 sibi
679 2551 785 2647 plus⁷
803 2551 888 2647 plus
907 2548 973 2619 illa
991 2547 1064 2619 sibi
1084 2547 1260 2620 tribuisse
1279 2545 1447 2620 videtur:

523 2657 532 2668 '
571 2657 746 2754 Adspirat
763 2657 885 2754 primo
905 2679 1075 2749 quaeque
1096 2657 1222 2727 sedere
1241 2655 1332 2734 loco.
1373 2707 1376 2710 -
1441 2725 1443 2729 .

464 2765 561 2854 Ista,
581 2767 683 2858 quod
701 2765 739 2836 in
758 2765 884 2862 largas
904 2762 1098 2860 dispergat
1117 2763 1259 2851 semina
1278 2785 1433 2858 messes3

569 2872 720 2944 llaturo
740 2869 868 2944 fructu
888 2869 1022 2942 laetior
1041 2870 1107 2943 illa
1126 2895 1192 2942 suo
1213 2881 1276 2942 est.

466 2978 504 3053 Si
524 2977 653 3051 faveas
671 2977 839 3069 cunctiS,
857 2975 1002 3051 cunctis
1023 2976 1160 3051 lavisse
1179 3000 1311 3051 nocere
1330 2986 1406 3049 est:

568 3085 617 3161 Et
636 3098 763 3159 tamen
782 3097 938 3184 exoptes
957 3087 1114 3157 reddere
1133 3085 1268 3179 cuique
1289 3110 1411 3157 suum.

463 3192 700 3269 Prae-side
720 3205 767 3266 te
785 3194 922 3284 musis,
941 3203 1021 3265 esto
1041 3190 1233 3265 deferveat
1252 3197 1410 3287 aestus3‘

567 3300 671 3375 Heu!
691 3300 790 3375 tibi
809 3302 1038 3374 vincendum
1059 3300 1169 3393 quale
1190 3298 1357 3372 manebit
1376 3296 1487 3371 onus!

464 3406 566 3498 Quot
585 3409 728 3506 scopuli
748 3407 930 3507 surgenti·
943 3417 1036 3501 quot
1054 3418 1222 3488 monstra
1240 3405 1427 3479 horrenda
1446 3402 1639 3478 resistent!

569 3516 724 3591 Viribus
743 3513 929 3588 herculeis
948 3514 1018 3587 vix
1039 3516 1247 3612 superanda
1265 3526 1385 3613 putes,

463 3625 638 3696 Attamen
659 3622 833 3697 audebis:
854 3620 949 3694 felix
963 3620 1124 3694 audacia
1142 3624 1253 3694 rebus

569 3731 649 3803 lam
669 3728 908 3803 conclamatis
928 3754 1037 3827 saepe
1056 3739 1209 3826 tropaea
1227 3727 1340 3802 dedit.
1444 3798 1445 3803 ,

462 3838 587 3910 Ausus
607 3863 716 3910 ovem
735 3829 926 3933 quondam
944 3836 1161 3935 phryxeam
1181 3860 1360 3930 quaerere
1378 3833 1486 3907 Iason

570 3945 644 4019 Per
663 3942 761 4017 freta
780 3943 965 4042 pervitae
984 3944 1087 4026 mille
1107 3940 1350 4042 pericla'fuit.

464 4051 628 4126 Hectora
645 4077 721 4124 non
740 4051 856 4150 ahoe,
874 4076 1077 4151 generosus
1098 4049 1233 4124 stravit
1251 4049 1436 4145 Achilles3

569 4160 748 4258 Pugnare
767 4159 902 4232 audaci
920 4158 1064 4236 scilicet
1083 4182 1195 4236 ausus
1214 4167 1313 4230 erat:

462 4266 652 4343 Daedalus
672 4277 823 4350 aeterno
843 4265 1036 4339 clausisset
1054 4290 1199 4339 carcere
1218 4264 1358 4357 vitam,

567 4373 672 4448 Nulli
691 4384 880 4447 tentatum
898 4373 937 4445 ni
956 4373 1135 4447 subiisset
1153 4373 1236 4446 iter.

462 4481 611 4559 Mucius
631 4481 783 4555 hostiles
802 4483 1143 4577 audaxpenetrarc
1163 4491 1355 4571 catervaS,

568 4592 702 4663 Annon
719 4612 896 4663 romanae
917 4611 1029 4659 causa
1048 4588 1180 4661 salutis
1201 4576 1314 4661 erat‘l

463 4695 529 4773 Tu
548 4722 698 4791 quoque
716 4704 803 4785 (nec
822 4694 973 4783 dubito)
992 4692 1110 4768 fortes
1129 4694 1323 4769 imitabere
1343 4688 1471 4765 fortis:

568 4804 724 4876 Viribus
743 4805 904 4876 evadent
922 4813 1057 4875 cuncta
1074 4801 1221 4876 minora
1239 4800 1350 4875 tuis

461 4909 616 5005 Iamque
635 4908 744 4983 ferox
762 4910 906 5008 rigidos
924 4910 1058 4983 induta
1075 4910 1227 4984 licentia
1245 4906 1369 4981 frenos

569 5019 729 5091 laetatos
748 5019 895 5115 posuit,
914 5031 959 5091 te
977 5019 1097 5091 duce
1118 5016 1257 5107 fracta,
1277 5014 1411 5089 minas:
