4084 6000
950 719 996 794 91

400 929 541 1008 Siccine
560 940 611 1006 tu
629 931 772 1006 sentis‘l
791 934 856 1007 sed
873 943 919 1009 te
936 933 1037 1035 rapit
1054 959 1172 1031 usque
1189 935 1349 1027 laboriS,

504 1037 673 1129 (Scilicet
690 1039 782 1114 haec
801 1043 885 1114 tu'a
902 1050 990 1114 sunt
1008 1041 1103 1131 otia)
1122 1067 1336 1140 praeseS,
1353 1067 1469 1132 amor.
1543 1133 1545 1138 Ι

399 1151 521 1247 Ergo,
537 1171 628 1246 age,
645 1149 755 1221 tende
773 1171 949 1240 manum,
967 1172 1063 1244 quae
1081 1148 1188 1223 clavo
1207 1158 1295 1224 nata
1312 1153 1472 1226 tenendo
1492 1162 1566 1245 est,

502 1253 586 1353 Ipse
603 1263 688 1327 tua
705 1253 824 1353 poscit
841 1253 991 1354 longius
1009 1265 1088 1329 arte
1107 1257 1200 1358 regi.
1288 1267 1291 1275 '

292 1440 295 1445 ,
399 1359 542 1453 Aurea,
560 1384 656 1456 quae
674 1372 799 1436 tecum
817 1364 1011 1436 fluxerunt
1028 1362 1167 1456 lustra,
1185 1364 1304 1438 beatis
1337 1357 1341 1366 ’

503 1466 535 1546 Ο
552 1468 698 1543 utinam
716 1467 844 1562 nobis,
863 1471 928 1544 sed
945 1470 1023 1544 sine
1039 1469 1115 1552 fine
1133 1471 1270 1546 fluant!

805 2112 1006 2217 megla
1033 2115 1151 2200 Vll.

344 2315 398 2384 Ad
415 2316 593 2385 Antonium
610 2324 759 2382 uranus
777 2336 797 2386 e
813 2314 939 2386 teletis
951 2318 1020 2404 pits
1037 2319 1204 2390 rectorem
1222 2319 1336 2388 domus
1354 2322 1389 2388 el
1406 2321 1602 2389 directorem

457 2441 641 2530 waccar,
659 2459 754 2512 mum
771 2442 938 2530 quendem
955 2444 1196 2514 moderatorem
1218 2441 1325 2513 1827.
1344 2445 1493 2515 Colocee.

398 2594 491 2708 llare
509 2631 623 2706 Pater
640 2630 727 2722 (tali
745 2642 781 2705 te
800 2632 950 2706 nomine
968 2632 1049 2707 iure
1067 2635 1230 2721 vocabo)

503 2737 635 2830 Sume,
653 2756 803 2838 precor,
821 2765 950 2814 musae
968 2765 1088 2839 parva
1104 2740 1250 2816 tributa
1267 2762 1384 2814 meae.

397 2847 467 2921 Illa
484 2858 571 2922 tuae
589 2871 720 2937 curae,
739 2848 840 2942 quod
858 2857 985 2948 grates
1003 2849 1164 2948 pendere
1181 2845 1317 2946 possit,

500 2953 684 3050 Quodque
703 2954 771 3047 sit,
790 2965 984 3055 acceptum
1002 2956 1142 3056 quippe
1160 2952 1298 3029 referre
1317 2955 1420 3031 solet.

396 3061 525 3138 Prima
542 3062 628 3135 rudi
646 3062 789 3162 primus
807 3065 1012 3138 mandabas
1033 3064 1175 3137 semina
1192 3073 1334 3155 terrae,

502 3169 647 3245 Fovisti
665 3170 812 3270 placido
831 3172 1003 3272 germina
1020 3171 1143 3272 prima
1162 3171 1257 3245 sinu.

395 3277 488 3353 Mox
506 3288 673 3352 teneram
689 3278 812 3352 vitreo
831 3282 1025 3353 recreabas
1043 3278 1199 3353 flumine
1219 3278 1410 3376 plantam3

499 3386 580 3460 Iam
599 3395 768 3483 promtus
786 3385 969 3479 monitor,
988 3387 1140 3481 iamque
1159 3385 1342 3487 magister
1360 3412 1450 3460 eras.

397 3492 436 3569 Si
456 3492 581 3569 Cereri
598 3494 716 3566 flavas
734 3504 867 3594 gratus
886 3491 960 3568 fert
976 3518 1120 3568 messor
1137 3492 1288 3584 aristaS,

502 3600 616 3696 Siqua
634 3597 736 3673 focos
754 3600 895 3674 Bacchi
913 3602 1023 3701 pocla
1041 3601 1163 3675 dicata
1181 3600 1326 3674 iuvant.

397 3709 541 3784 Laurea
559 3706 697 3782 votivis
716 3709 748 3781 si
766 3708 873 3807 ponit
890 3710 1051 3808 belliger
1069 3708 1143 3783 aris

501 3816 628 3907 Serta,
645 3816 768 3889 redux
786 3817 938 3909 castris,
956 3816 1057 3891 Mars
1075 3814 1307 3907 truculente,
1324 3816 1420 3890 tuis:

395 3923 574 4000 Mentoris
593 3922 749 3997 emerita
768 3947 837 3996 cur
852 3949 928 3997 non
946 3948 1031 3997 mea
1049 3920 1173 3996 fronte
1191 3923 1370 3995 corollam

499 4030 733 4131 Condignam
751 4030 895 4105 meritis
912 4054 1021 4104 musa
1039 4030 1162 4105 locare
1182 4031 1325 4125 queat‘l

396 4139 506 4215 Culta
523 4136 638 4213 refert
656 4138 768 4211 tellus
786 4137 922 4238 pingui
941 4162 1028 4211 cum
1048 4135 1173 4211 fenore
1192 4146 1343 4238 grates,

499 4244 695 4341 Quemque
714 4245 811 4318 coles
830 4270 956 4319 ramus
975 4244 1084 4320 mitia
1103 4270 1214 4344 poma
1232 4244 1348 4319 dabit.

396 4352 462 4446 Et,
480 4357 575 4430 bene
594 4351 625 4426 si
643 4358 793 4452 pascas,
811 4353 1004 4453 turgentia
1021 4354 1118 4428 lacte
1137 4351 1300 4452 capellae

499 4460 644 4552 Ubera,
663 4460 725 4534 vel
743 4460 894 4534 domino
913 4461 1055 4536 vellera
1073 4462 1188 4535 densa
1207 4457 1338 4534 serent.

395 4569 538 4645 Cuncta
557 4569 676 4643 solent
694 4567 814 4667 igitur
831 4591 939 4643 curas
959 4568 1097 4643 sarcire
1114 4567 1264 4665 fideles,

425 4700 429 4709 ’
499 4676 551 4751 Tc
569 4678 708 4776 pudeat
729 4685 879 4776 gratam
898 4701 1007 4750 musa
1026 4674 1164 4751 referre
1182 4674 1334 4750 vicem?

395 4783 496 4876 Quin
515 4809 606 4884 age,
623 4794 735 4879 teque
752 4782 835 4882 piae
853 4808 1056 4882 properans
1075 4784 1239 4884 adiunge
1259 4791 1452 4876 catervae,

499 4892 568 4968 Oui
586 4893 757 4965 sanctum
775 4888 919 4965 meritis
939 4892 1082 4967 solvere
1101 4892 1201 4967 iusta
1219 4888 1302 4965 fuit.
1387 4928 1392 4936 1

395 4998 458 5076 Nil
476 5024 591 5098 opus,
608 5007 652 5073 ut
669 5009 818 5072 tenerae
836 5022 1019 5073 memores
1039 5000 1195 5074 exordia
1213 4998 1333 5094 vitae,

499 5105 584 5200 Qua
603 5106 726 5184 suevit
744 5104 861 5184 socios
880 5107 1095 5185 antevenire
1114 5130 1210 5185 suos
