4084 6000
951 643 1026 718 185

355 855 428 930 Seu
446 855 598 954 patulae
618 879 779 950 quercus
797 855 912 930 viridi
929 858 1112 932 recubare
1130 858 1202 930 sub
1217 859 1372 948 umbra,

353 963 425 1038 Ter
443 960 557 1054 felix,
575 962 647 1036 tibi
665 963 697 1040 si
715 963 843 1038 veniat
861 965 906 1036 de
927 960 1096 1064 fontibus
1114 962 1194 1036 istis

352 1069 447 1168 Ipsis
466 1094 540 1143 non
559 1072 735 1143 damnata
752 1063 848 1168 polis
867 1069 1010 1144 sincera
1028 1070 1222 1168 uoluptas!

354 1177 502 1252 Scilicet
520 1176 608 1251 hinc
627 1187 767 1251 crescet
784 1177 994 1252 reverentia
1012 1177 1141 1253 debita
1159 1179 1282 1268 coelo,

352 1285 470 1380 Inque
489 1309 593 1358 senes
612 1285 751 1383 pietas,
770 1285 859 1384 regi
873 1285 1090 1383 patriaeque
1109 1283 1229 1358 fidelis

311 1483 315 1486 ,
353 1390 538 1488 Affectus3
557 1402 722 1464 crescent
739 1391 945 1483 industria,
963 1417 1074 1483 cura,
1092 1393 1294 1486 laborque,

354 1502 462 1573 Artes
481 1523 576 1592 quae
595 1510 796 1598 generant,
815 1510 853 1572 et
870 1501 989 1574 libera
1008 1498 1163 1572 crimine
1181 1500 1272 1572 vita.

459 1605 625 1704 Despicis
643 1606 756 1697 haec,
776 1607 1003 1702 monitisque
1023 1606 1114 1680 meis
1134 1632 1265 1705 parere
1284 1607 1464 1680 recusas?

353 1711 455 1787 Heu!
475 1713 558 1808 quis
579 1723 615 1786 te
634 1725 827 1811 exspectat
845 1714 1040 1805 cumuluS,
1057 1739 1156 1809 quae
1175 1717 1287 1788 turba
1304 1711 1509 1786 malorum!

355 1819 476 1895 Obvia
494 1820 636 1897 lascivo
653 1821 808 1895 venient
825 1845 917 1894 mox
936 1821 1013 1894 otia
1031 1821 1154 1894 vultu.

354 1927 479 2023 Teque
498 1952 613 2016 manu
630 1953 809 2025 prensum
827 1953 894 2026 per
912 1926 1041 2002 mollia
1060 1940 1183 2001 castra
1201 1937 1421 2021 sequentem

354 2036 519 2125 Ducant,
537 2045 576 2107 et
594 2034 742 2110 levibus
761 2034 913 2135 cingent
932 2035 1148 2131 salibusque
1166 2035 1343 2129 iocisque.

353 2141 427 2216 Hic
445 2139 588 2240 lepidos
606 2149 681 2214 non
699 2142 778 2216 ulla
796 2143 893 2242 ligat
911 2143 1119 2216 moderatio
1138 2143 1255 2232 risus,

354 2247 436 2323 Non
455 2247 511 2322 fas
530 2259 642 2344 atque
661 2249 897 2348 piumcnrae
915 2261 987 2341 est,
1006 2277 1080 2326 non
1099 2251 1240 2345 lexque
1258 2251 1478 2343 decensque.

354 2359 475 2431 Frena
493 2357 713 2430 relaxantur
731 2357 986 2448 sermonibus,
1003 2357 1090 2430 inde
1109 2357 1277 2455 petulcos

353 2465 422 2540 Est
440 2463 569 2540 audire
588 2488 713 2560 sonos,
731 2463 871 2538 Veneri
889 2465 1111 2559 Bacchoque
1129 2465 1273 2538 litatur.

460 2571 541 2644 lam
559 2595 674 2669 prope
693 2570 840 2645 felicem
860 2569 955 2647 falso
973 2582 1009 2644 te
1028 2570 1125 2645 sorte
1143 2582 1317 2669 putatae,

355 2679 449 2754 (lum
468 2675 621 2752 fortuna
638 2676 769 2767 favens
786 2689 887 2772 retro
904 2679 1081 2776 sublapsa
1098 2677 1251 2752 feretur.

355 2784 555 2883 Excipient
573 2775 691 2858 risum
709 2785 891 2885 gemitus,
909 2786 1075 2888 lamenta
1092 2786 1258 2884 lepores,

355 2891 524 2966 Nominis
544 2903 580 2966 et
597 2890 719 2966 famae
737 2891 891 2992 grandis
909 2893 1056 2966 iactura
1072 2904 1251 2988 sequetur

355 3000 552 3096 Undique,
571 3010 608 3074 et
626 3000 727 3074 effeti
744 3001 983 3099 languebunt
1002 3002 1168 3100 corporis
1186 3012 1301 3076 artus

355 3106 453 3182 'Vere
472 3133 571 3181 novo
590 3108 710 3181 veluti
726 3108 872 3183 Phoebi
891 3109 1028 3181 laetata
1047 3110 1170 3182 calore

355 3214 496 3305 Exilia,
515 3224 553 3288 et
571 3225 699 3289 tenera
717 3217 929 3314 resplendet
946 3217 1076 3314 planta
1093 3217 1269 3308 iuventa,

356 3323 501 3396 Blanda
518 3333 630 3396 vocat
649 3323 845 3424 Zephyros
864 3324 1015 3416 mallee,
1032 3326 1248 3423 gaudetque
1268 3324 1455 3422 protervis

356 3429 537 3504 Lusibus:
557 3442 595 3503 at
614 3429 876 3504 subito'noctis
894 3412 1082 3526 luiraeque
1100 3456 1251 3505 serenae
1356 3422 1377 3522 γ’
1488 3457 1491 3460 ·

356 3535 536 3613 Proxima
554 3532 703 3611 florenti
721 3536 920 3613 defraudat
937 3538 1080 3613 honore
1097 3539 1242 3636 pruina.

461 3642 537 3719 Nec
556 3644 664 3719 satis:
687 3645 891 3723 antediem
911 3648 1085 3719 succedet
1102 3658 1212 3719 torva
1231 3658 1421 3734 senectus,

355 3751 470 3826 Molle
489 3752 692 3827 catharrali
710 3748 850 3827 latrans
869 3752 1014 3852 uligine
1034 3764 1164 3851 pectus
1186 3779 1194 3791 ⁸

358 3862 605 3954 Accersetque
624 3860 830 3957 phthisim,
849 3885 1054 3955 curamque
1073 3858 1293 3935 Machaonia
1313 3884 1459 3932 ornnem

356 3966 513 4059 Eludet,
533 3965 730 4066 fugietque
749 3967 824 4063 cibi
842 3978 1029 4066 potusque
1045 3968 1217 4065 palatum
1265 4024 1270 4029 .

316 4134 317 4137 η
357 4074 508 4165 Gratia,
528 4085 565 4147 et
583 4070 707 4147 officio
727 4071 838 4173 fungi
856 4084 1051 4147 contracta
1067 4077 1262 4173 negabunt

356 4180 532 4272 Viscera,
550 4180 705 4279 pallenti
724 4182 883 4255 deducet
900 4206 1055 4279 corpore
1074 4180 1213 4271 vitam,

357 4288 462 4379 Quae
481 4288 652 4383 sequitur
672 4288 809 4363 macies
827 4298 914 4364 atro·
926 4288 1051 4363 vicina
1070 4288 1219 4362 feretro.

356 4396 443 4471 Heu
461 4394 607 4491 quoties
626 4395 759 4470 melius
778 4396 905 4495 cupies
923 4399 1120 4471 traducere
1137 4397 1281 4495 lapsos,
1307 4426 1329 4495 j

357 4502 568 4580 Praesentis
586 4527 691 4601 seges
710 4505 811 4577 unde
829 4504 920 4577 mali
938 4514 1195 4595 succreverat,
1212 4512 1330 4577 annos
1341 4501 1359 4573 l·
1379 4501 1380 4504 ’
1485 4572 1488 4576 ,

462 4609 544 4683 Hac
562 4609 737 4685 cecinisse
755 4622 865 4684 tenus
883 4612 1058 4685 satisest.
1078 4613 1152 4686 Per
1169 4610 1320 4710 singula
1337 4606 1469 4682 musac

356 4718 415 4793 Ire
429 4728 582 4813 vetant,
601 4728 775 4815 repetunt
793 4720 942 4797 tautum
962 4729 1214 4814 revocantque
1229 4717 1466 4811 frequenter:
1541 4787 1543 4792 .

355 4825 495 4923 Sperne
512 4824 766 4924 voluptatem:
787 4836 927 4899 tectum
946 4830 1017 4899 sub
1037 4826 1148 4901 melle
1165 4850 1353 4901 venenum
1450 4869 1452 4874 -

354 4933 424 5006 Illa
443 4935 528 5025 dat,
547 4932 760 5029 oblatisque
779 4933 876 5034 tegit
893 4958 962 5006 sua
980 4933 1136 5008 vincula
1154 4933 1272 5006 donis.
1469 4938 1472 4945 ’

352 5040 470 5125 Dulce
488 5042 632 5114 malum
651 5052 725 5132 est,
746 5040 878 5116 hilaris
898 5043 1074 5132 morbus,
1093 5040 1283 5115 dementia
1300 5038 1449 5129 suavis,
