4084 6000
982 709 1030 786 35

428 923 509 996 Hoc
528 917 619 994 iacit
637 931 680 993 ut
698 920 815 995 musis
834 924 928 996 bene
947 921 1016 995 vix
1036 922 1211 996 excultus
1231 924 1419 997 honorum

532 1029 677 1103 Debeat
695 1027 860 1106 illustres
878 1031 1057 1104 scandere
1075 1053 1184 1127 saepe
1203 1033 1356 1130 gradus.

427 1137 508 1210 Hoc
526 1133 637 1226 facit,
660 1146 703 1208 ut
722 1134 815 1209 felix
834 1136 940 1210 annis
958 1135 1016 1211 bis
1037 1137 1202 1232 quinque
1222 1140 1384 1240 decoras,

533 1241 725 1316 Sustineat
742 1243 873 1346 magni
891 1243 1075 1342 praesulis
1094 1243 1183 1319 ille
1202 1244 1314 1319 vices

428 1350 548 1425 Testis
568 1351 654 1422 ades
673 1350 832 1424 Baran
842 1376 935 1452 yae
954 1351 1110 1424 celebris
1129 1351 1345 1449 provincia,
1364 1352 1538 1449 Quinque
1562 1396 1605 1405 -·

531 1455 735 1549 Ecclesiae,
754 1461 845 1535 urbs
865 1456 973 1532 fastis
990 1459 1158 1559 inclyta,
1178 1460 1284 1536 testis
1304 1463 1402 1537 ades.
1519 1505 1522 1515 -

429 1563 601 1663 Optimus
621 1577 664 1638 ut
681 1590 836 1663 pro-rex
850 1565 997 1644 iunctas
1016 1565 1089 1640 tibi
1107 1565 1248 1648 viserat
1268 1592 1372 1658 orae,
1464 1588 1467 1597 '

498 1746 503 1754 ,
532 1669 683 1763 Nonne,
700 1672 813 1771 gravi
830 1672 897 1767 qui
914 1683 952 1746 te
971 1672 1152 1770 praetulit
1171 1699 1255 1765 ore,
1273 1671 1378 1753 fuit?

428 1776 494 1851 Ille
512 1777 587 1850 viri
605 1779 780 1878 egregios
798 1790 842 1854 ut
860 1782 966 1854 dotes
985 1780 1163 1879 suspicit:
1181 1780 1299 1854 istum

499 1904 502 1906 ’
536 1886 596 1960 Ad
612 1886 712 1963 latus
731 1899 904 1984 optarem
922 1911 1069 1986 semper
1086 1887 1246 1979 habere,
1267 1886 1401 1962 refert..

429 1991 525 2066 Sunt
542 2003 626 2067 rata
643 1996 735 2070 iota
753 1993 869 2091 poliS,
887 1994 990 2092 patri
1006 1994 1227 2092 patriaeque
1245 1994 1430 2094 benigno:

534 2098 609 2174 Nec
627 2125 753 2191 mora,
772 2102 1017 2198 conspicuum
1037 2127 1192 2179 munere
1211 2103 1319 2178 Buda
1341 2101 1454 2177 videt.
1509 2166 1519 2180 ,
1575 2122 1579 2131 '

428 2205 499 2278 Hic
517 2205 594 2280 iam
612 2206 768 2298 virtuti,
787 2233 885 2302 quae
903 2233 983 2284 sese
1001 2208 1145 2284 lumine
1164 2210 1274 2308 largo

534 2311 709 2408 Undique
729 2319 955 2414 spargebat,
973 2316 1092 2415 digna
1110 2316 1262 2400 theatra
1280 2326 1422 2415 patent.
1526 2335 1530 2352 ¹

429 2417 562 2493 Nullus
582 2431 684 2510 erat,
701 2421 841 2520 placidi
859 2447 982 2503 mores
999 2422 1151 2518 orisque
1171 2422 1301 2499 diserti
1402 2473 1405 2480 «

535 2525 656 2617 Quem
675 2555 767 2604 mox
785 2553 861 2604 non
878 2543 1034 2628 caperet.
1049 2530 1196 2630 gratia,
1216 2529 1344 2616 nullus
1363 2540 1455 2602 erat.

429 2632 581 2708 Consilii
599 2637 761 2728 flumen,
778 2637 910 2712 multis
929 2662 1034 2712 mens
1053 2638 1181 2712 dedita
1199 2635 1320 2728 curis,
1400 2702 1404 2722 ,
1508 2632 1510 2638 ’

533 2741 705 2816 Iustitiae
724 2743 914 2835 studium,
931 2743 1140 2844 relligionis
1160 2769 1284 2836 amor,
1529 2820 1534 2828 ,

429 2847 670 2943 Pulchraque
687 2849 886 2948 temperies
906 2851 1037 2925 vultus
1057 2848 1268 2945 frontisque
1287 2851 1500 2940 modestae,
1586 2897 1587 2902 =

535 2955 719 3049 Vincula,
738 2956 843 3053 queis
861 2956 1007 3033 animos
1028 2956 1268 3050 conciliaret,
1288 2968 1405 3044 erant.
1581 2983 1585 2995 ¹

428 3062 583 3137 Dividet
601 3063 670 3155 has
689 3076 815 3144 tecum
833 3066 992 3165 posthac
1009 3064 1073 3164 pia
1098 3065 1270 3139 lauria
1289 3067 1415 3162 dotes,

533 3171 705 3247 lauria
721 3172 848 3247 felices
867 3172 966 3249 inter
985 3172 1160 3247 habenda
1177 3172 1332 3272 plagast

430 3279 480 3352 At
498 3289 550 3351 tu
570 3279 820 3377 praesidium,
837 3305 921 3378 spes
940 3291 979 3353 et
995 3282 1111 3354 decus
1131 3304 1241 3355 omne
1260 3292 1436 3370 tuorum,

535 3385 630 3477 Fac,
648 3412 777 3461 recrea
794 3386 987 3486 cupidum,
1005 3398 1135 3486 pastor
1153 3398 1299 3478 amate,
1317 3410 1488 3487 gregem.
1565 3406 1568 3413 ’

432 3491 562 3590 Aspice
580 3494 785 3571 laetantem
803 3505 1026 3589 motumque
1046 3520 1065 3567 e
1084 3494 1234 3570 sedibus
1253 3494 1338 3572 imis

536 3599 648 3673 Basia
665 3602 866 3701 pastori
882 3602 986 3675 mille
1004 3627 1139 3699 parare
1158 3629 1238 3677 suo.
1523 3675 1526 3684 .

430 3706 605 3803 Dumque
623 3720 761 3808 parant
778 3710 922 3800 cuncti,
941 3734 1041 3783 nunc
1061 3708 1137 3783 iam
1155 3721 1240 3785 tua
1260 3733 1371 3799 cura,
1390 3707 1561 3797 bidentes

535 3816 653 3891 Laeta
671 3816 784 3891 simul
801 3828 950 3891 teneras
970 3816 1035 3889 enl
1055 3815 1176 3891 Tata
1195 3816 1299 3891 ducit
1318 3840 1418 3892 oves.
1583 3836 1587 3903 ζ

431 3921 499 3995 His
518 3947 687 4019 quoque,
706 3926 799 4000 dum
816 3935 994 4022 poscunt,
1011 3934 1201 4000 sacratam
1220 3922 1373 4021 porrige
1393 3924 1587 4012 dextram,

490 4113 493 4117 A
535 4030 617 4117 Hae
636 4055 805 4126 quoque,
824 4056 921 4126 quae
938 4041 1136 4129 promant,
1154 4042 1304 4130 pectore
1323 4040 1414 4106 vota
1433 4027 1575 4103 fovent.

286 4223 295 4237 ὓ
432 4134 561 4209 Vivito
581 4160 775 4229 eumaeos,
792 4138 978 4229 clamant,
996 4141 1093 4213 bone
1112 4148 1308 4235 pastor,
1325 4137 1365 4211 in
1384 4160 1521 4233 anuos,

536 4242 710 4318 Virtutes
729 4246 918 4320 celebrent
935 4243 1086 4319 saecula
1106 4255 1243 4319 cuneta
1261 4244 1366 4319 tuasl
