4084 6000
1035 610 1109 685 170

538 825 712 918 Dumque
731 822 853 897 vicem
871 823 1030 918 quaevis
1042 823 1206 899 ‘nutricis
1223 826 1343 924 poscit
1361 828 1485 919 obire,

433 933 529 1007 Prae
546 927 702 1026 reliquis
720 931 856 1003 devota
873 929 951 1004 Deo
970 955 1074 1004 mens
1093 931 1233 1006 talibus
1251 957 1336 1008 orsa
1353 947 1429 1008 est:

434 1039 555 1112 Parve
573 1060 666 1136 puer
684 1035 818 1110 nostris
835 1038 1026 1130 quondam
1043 1037 1284 1113 celeberrime
1301 1042 1452 1131 castris,

434 1143 598 1218 Deliciae
616 1167 812 1242 superum,
833 1141 1039 1216 certissima
1056 1143 1179 1242 gloria
1196 1145 1317 1220 terris.

435 1250 623 1327 Promtior
640 1247 853 1341 Abrahmo,
872 1247 903 1323 si
920 1260 957 1322 te
976 1249 1108 1324 divina
1125 1252 1301 1326 voluntas

435 1357 600 1457 Urgeat3
620 1366 657 1430 et
674 1354 706 1429 si
726 1353 805 1430 fata
823 1353 965 1448 ferant,
983 1357 1194 1430 servantior
1211 1359 1323 1454 aequi

435 1462 604 1537 lesseidis
624 1473 724 1536 nato.
751 1460 853 1553 Quin
870 1461 991 1536 virtus
1010 1487 1140 1562 sparsa
1156 1487 1224 1562 per
1242 1489 1369 1540 omnes

435 1569 538 1662 Quos
557 1567 662 1669 prior
679 1568 830 1644 extollit
847 1567 1044 1668 condignis
1061 1569 1240 1646 laudibus
1258 1582 1382 1664 aetas,

434 1675 586 1766 Quosve
605 1676 750 1751 dabunt
767 1673 876 1748 terris
894 1674 1086 1750 venientia
1101 1687 1291 1775 tempora,
1309 1691 1467 1754 sanctos

434 1783 486 1858 Te
504 1783 609 1857 velut
628 1781 824 1881 exemplar·
838 1782 924 1856 dote
942 1792 1123 1856 ornatura
1140 1782 1289 1858 reviset.

434 1889 638 1986 Nunquam
656 1913 731 1963 non
748 1887 922 1987 precibus
940 1888 1117 1963 coelestia
1136 1913 1254 1989 regna
1272 1893 1465 1966 movebis·

433 1999 588 2087 Posccs,
605 2005 649 2070 ut
666 2005 832 2069 recreent
850 1994 1016 2070 sitientes
1033 1994 1218 2070 imbribus
1236 2001 1380 2097 agros?

434 2101 611 2178 Protinus
630 2103 732 2177 unda
750 2112 846 2175 ruet.
866 2100 967 2177 Soles
986 2101 1112 2176 orabis
1130 2101 1307 2202 apricos‘l
1378 2138 1383 2146 ·
1503 2097 1507 2104 ’

435 2209 510 2284 Nec
528 2233 654 2284 mora:
672 2205 876 2306 diffugient
893 2219 1142 2308 praegnantes
1159 2210 1204 2283 de
1223 2209 1373 2284 aethere
1394 2211 1523 2285 nimbi.

539 2315 708 2391 Necdum
725 2312 895 2388 finierat:
918 2313 1051 2389 Sacrae
1069 2317 1278 2391 reverentia
1295 2317 1391 2416 legis

436 2421 671 2518 Alloquitur,
688 2445 923 2521 puerumque
941 2446 1076 2513 manu,
1095 2446 1163 2496 sua
1180 2422 1343 2522 gandia,
1361 2425 1549 2498 mulcens:

435 2528 486 2604 0!
505 2553 589 2602 mea
607 2529 699 2619 lux,
717 2526 862 2624 inquit,
879 2537 916 2601 te
934 2525 1128 2602 defensore
1146 2529 1331 2604 calescent

435 2637 592 2710 Pectora
610 2635 838 2725 multorum,
857 2644 894 2707 et
913 2633 1020 2731 proni
1041 2658 1125 2708 mea
1142 2634 1227 2709 iura
1244 2636 1433 2710 subibunt.

310 2801 319 2835 ‚
414 2741 517 2848 xNon
535 2740 736 2838 quisquam
755 2764 928 2838 superos,
944 2752 1013 2815 tua
1029 2740 1061 2813 si
1079 2741 1244 2842 vestigia
1261 2743 1400 2833 calcet,

435 2848 623 2939 haeserit,
642 2858 708 2921 ant
725 2846 819 2920 recti
837 2847 884 2921 de
901 2847 1054 2921 tramite
1073 2847 1210 2928 devius
1225 2847 1307 2922 ibit.

437 2954 538 3049 Non,
557 2954 588 3029 si
606 2953 698 3029 alios
717 2951 854 3028 feriant
872 2952 1045 3029 fortunae
1063 2954 1139 3029 tela
1156 2954 1331 3046 minacis,

438 3064 572 3137 Laetus
592 3062 683 3136 eris:
703 3060 886 3135 sedenim
905 3086 1092 3159 suppones
1110 3062 1267 3137 brachia
1285 3063 1412 3161 lapso,

436 3170 489 3245 Ut
506 3170 667 3265 releves,
686 3167 921 3268 dapibusque
938 3168 1014 3242 tuis
1033 3168 1218 3269 recreabis
1235 3194 1396 3269 egenos,

437 3278 558 3372 Atque
575 3286 643 3348 tna
661 3275 830 3377 incinges
847 3274 996 3369 tunica,
1015 3273 1279 3349 dubitantibus
1296 3276 1396 3351 ultro

400 3459 402 3463 ,
436 3381 642 3457 Consilium
660 3404 746 3483 acre
765 3380 891 3484 dabis,
910 3378 1054 3479 meritis
1073 3407 1141 3455 sua
1158 3382 1328 3480 praemia
1344 3407 1470 3482 pones.

436 3488 640 3586 Praecipue
660 3486 835 3562 miseram
853 3485 1034 3561 formabis
1050 3488 1122 3561 rite
1141 3487 1356 3586 iuventam:

436 3595 541 3685 Quae
559 3593 678 3693 pietas
697 3617 851 3690 superos
870 3595 1021 3686 deceat,
1039 3618 1135 3689 quae
1155 3620 1290 3671 norma
1305 3596 1437 3669 salutis

436 3704 547 3777 Certa
565 3700 634 3797 sit,
654 3711 691 3776 et
708 3699 863 3800 paribus
882 3704 1109 3775 succendens
1125 3712 1278 3800 pectora
1295 3701 1479 3793 flammis,

436 3808 547 3901 Quod
564 3808 672 3882 dabis
691 3807 928 3905 exemplum,
947 3809 1042 3882 duce
1060 3819 1097 3882 te
1114 3808 1178 3906 pia
1194 3811 1309 3883 turba
1327 3821 1514 3903 sequetur.

436 3916 517 3989 Vix
534 3916 627 3989 haec
645 3914 712 3989 illa
730 3911 864 3987 refert:
884 3913 1003 4012 pietas
1018 3972 1029 4005 ,
1046 3914 1254 4010 divumque
1271 3916 1448 3989 voluntas

437 4023 666 4120 Amplexum
684 4018 876 4095 refovent:
894 4022 1015 4094 teneri
1034 4021 1243 4120 penetralia
1260 4022 1385 4097 cordis

437 4129 614 4204 Protinus
631 4128 743 4201 ardor
760 4126 861 4218 adit,
880 4127 946 4224 qni
964 4127 1035 4201 vix
1052 4128 1277 4202 mortalibus
1295 4152 1465 4223 uuquam

437 4236 553 4311 Notus
572 4246 673 4326 erat,
691 4234 898 4330 crescitque
916 4233 1031 4307 simul
1048 4234 1302 4308 crescentibus
1318 4234 1436 4309 annis.

541 4341 696 4437 Iamque
714 4341 816 4416 subit
833 4340 944 4415 tacite
963 4341 1156 4414 florentem
1175 4339 1321 4437 firmior
1337 4354 1461 4431 aetas,

437 4448 499 4522 Fit
517 4447 653 4522 sensim
671 4446 837 4543 iuvenis3
856 4444 1049 4521 dubitabit
1068 4444 1194 4521 forsan
1211 4446 1380 4543 aliquis?

436 4554 498 4630 Nil
516 4546 682 4630 iuvenile
699 4552 816 4653 sapit:
835 4553 1003 4655 gravitas
1021 4555 1240 4629 moderatur
1257 4559 1431 4645 euntem,

437 4660 596 4757 Eloquio
615 4659 766 4752 svavis,
780 4684 915 4759 parcus
933 4684 1120 4752 sermone,
1141 4664 1334 4736 modestus

436 4768 593 4863 Fronte,
612 4768 752 4842 laboris
770 4792 876 4840 amor
893 4792 968 4839 non
986 4767 1099 4843 illum
1115 4769 1251 4843 deserit
1268 4792 1448 4862 unquam.

437 4874 521 4950 Non
539 4875 693 4949 choreas
711 4875 903 4969 saltusque
922 4873 1044 4966 leves,
1064 4901 1137 4949 non
1156 4876 1301 4950 ludicra
1318 4886 1445 4966 curat,

437 4981 552 5073 Queis
571 4991 693 5057 aetate
712 5005 818 5082 pares
837 4981 1063 5057 retinentur:
1082 4982 1243 5078 denique
1261 4983 1378 5057 talem
