4084 6000
900 641 1262 778 „aar

844 971 956 1052 (ΜΘ
985 929 1166 1053 XXII.

784 1133 938 1208 Intortus
956 1133 1102 1221 serendo
1121 1122 1227 1204 atace.

527 1250 640 1365 tltras
657 1289 753 1390 pelle
770 1290 922 1389 procul,
941 1288 1116 1380 candide,
1139 1290 1297 1364 nebulas

527 1397 687 1490 VultuS,
706 1408 744 1472 ct
762 1397 892 1472 cilium
910 1392 1076 1474 nubibus
1095 1397 1232 1496 expedi

526 1505 719 1605 Indignis3
738 1505 852 1580 tacito
871 1530 938 1580 nec
956 1529 1065 1606 geme
1082 1505 1261 1598 vulnere,

528 1611 610 1687 Neu
630 1623 761 1710 pectus
780 1612 924 1712 rigidae
944 1626 1035 1686 cura
1053 1622 1200 1712 premat
1218 1623 1328 1689 tuum

451 1807 455 1817 Α
528 1719 748 1817 Vindictae3
766 1721 906 1794 laceret
924 1721 956 1794 si
974 1724 1069 1794 bene
1087 1720 1275 1794 consciam

527 1827 685 1902 Famam
701 1827 876 1901 tartareis
894 1828 1081 1902 morsibus
1098 1826 1275 1902 horridus
1294 1830 1297 1838 '

528 1934 694 2027 Momus3
715 1935 819 2009 triste
838 1935 946 2008 bonis
965 1934 1205 2035 supplicium.
1226 1936 1353 2011 Genus

527 2040 715 2117 Vincendi
734 2042 878 2116 celebre
898 2052 954 2116 est
971 2066 1146 2142 spernere
1164 2042 1335 2116 vulnera.

633 2148 800 2223 Absorbe
818 2151 947 2248 patulo
966 2149 1126 2248 pectoris
1145 2149 1292 2223 ambitu

526 2256 701 2332 Liventes
721 2267 890 2357 satyrae,
915 2281 1009 2352 quas
1028 2256 1119 2330 iacit
1137 2257 1353 2355 improbus:

527 2365 675 2438 Poenus
692 2365 843 2458 quando
862 2364 919 2439 leo
939 2364 1204 2464 magnanimus
1222 2377 1280 2438 sat
1298 2379 1355 2440 est

526 2471 713 2545 Intentata
732 2469 867 2545 canum
886 2482 1051 2545 temnere
1070 2497 1276 2545 murmura.

632 2579 789 2652 latrans
809 2578 1053 2677 opprobrium
1073 2577 1170 2652 serre
1188 2579 1316 2654 virum
1335 2583 1461 2671 decet,

526 2683 609 2760 Non
628 2687 792 2758 clamore
810 2685 893 2784 pari
911 2686 1056 2761 solvere
1074 2689 1232 2760 verbera

527 2792 717 2892 Linguae:
737 2790 923 2884 aisaciae,
949 2793 1087 2866 desinis
1105 2819 1184 2867 esse
1203 2793 1272 2869 vir.

526 2899 701 2974 Imbelles
718 2899 833 2974 ctiam
851 2900 943 2974 talia
961 2899 1124 2975 feminae

527 3008 686 3082 Audeat.
705 3008 806 3083 Dum
823 3008 953 3083 lateris
973 3009 1128 3108 stringis
1146 3008 1337 3082 acinacem
1359 3071 1362 3078 „
1473 3077 1476 3084 .

527 3115 687 3190 Ulturus
705 3110 864 3214 probra,
884 3116 1007 3212 quid?
1028 3118 1155 3191 bellua
1174 3140 1232 3189 cs:
1251 3115 1382 3192 invido
1423 3168 1428 3178 ·

528 3222 630 3297 Haec
649 3246 776 3297 morsu
796 3223 934 3315 laniat,
953 3224 1125 3298 calcitrat
1142 3224 1289 3323 ungula

528 3331 669 3420 Atrox,
688 3338 755 3404 aut
772 3329 916 3404 rabidis
934 3328 1125 3406 morsibus
1142 3331 1276 3422 irruit,

527 3438 603 3512 Aut
620 3462 658 3511 se
678 3436 884 3511 mortiferis
902 3437 1071 3513 vindicat
1088 3435 1295 3539 unguibus.

632 3546 855 3620 Dementem
873 3546 969 3621 ratio
988 3556 1171 3645 temperet
1186 3544 1382 3646 impetum.

528 3652 773 3727 Contemnis‘t
791 3654 926 3727 stolido
943 3652 1033 3755 figis
1052 3653 1224 3727 acerbius

439 3828 440 3833 ,
528 3760 680 3834 Censori
699 3760 885 3850 iaculumc
910 3758 1035 3835 fronte
1053 3761 1266 3859 protervior

514 3866 694 3943 ‘Obstasl
718 3868 798 3966 ipse
816 3890 926 3967 paras
945 3869 1096 3942 aemula
1114 3865 1286 3940 fulmina.

634 3976 684 4049 At
701 3998 792 4049 vero
811 3974 1057 4074 opprobrium
1077 3973 1194 4066 ferre,
1213 3985 1344 4074 putee,
1363 3999 1482 4075 grave
1502 3984 1567 4049 est.

528 4081 560 4157 N
564 4107 612 4155 on
630 4082 702 4155 hoc
719 4082 821 4172 lene,
840 4081 950 4156 ferox
968 4082 999 4155 si
1018 4097 1190 4183 regerere,
1209 4082 1293 4156 erit.

529 4188 697 4289 Linguae
717 4201 994 4287 sempererunt
1012 4190 1177 4289 spicula3
1196 4188 1263 4285 qui
1282 4188 1393 4263 timet

529 4297 632 4371 Haec
650 4295 835 4395 perferre,
858 4297 934 4371 viri
953 4296 1199 4397 pectoralem
1218 4296 1338 4370 exuit.

530 4404 715 4503 Magnum
733 4402 830 4477 forte
849 4406 976 4485 virum
996 4415 1146 4478 cernere
1165 4403 1366 4501 discupiat
1427 4399 1430 4406 ’

486 4523 489 4528 “
529 4512 765 4610 Regnantcm
783 4512 913 4609 patulo
932 4512 1142 4613 Cynthium
1160 4511 1199 4585 in
1218 4511 1368 4585 aethere

530 4618 810 4717 Contemplare‚
829 4619 947 4717 nigris
966 4620 1100 4692 celsior
1117 4619 1257 4692 eminet
1319 4670 1323 4676 «
1411 4647 1413 4654 ’
1432 4670 1436 4675 -

529 4726 602 4801 Hic
615 4718 909 4799 ¹nimbisrutilas
928 4725 1099 4799 fulminis
1118 4726 1260 4800 orbitas
1416 4718 1420 4725 ⁶

530 4835 766 4933 Despectans.
785 4832 960 4907 Volucris
979 4858 1055 4905 non
1072 4828 1196 4937 variat
1213 4858 1332 4933 genas

530 4941 720 5018 Fortunae
739 4938 915 5031 arbitrio,
941 4949 977 5013 ct
997 4939 1134 5014 tacitus
1152 4941 1312 5015 vulnera
1329 4940 1482 5040 digerit.

531 5046 632 5138 Quin
650 5048 825 5145 quamvis
842 5046 998 5122 humilis
1017 5049 1162 5147 grande
1181 5048 1370 5126 calumnia
