4084 6000
1008 563 1083 648 lea

409 778 587 854 Romanis
605 774 757 874 aquilis,
776 800 825 848 an
842 777 977 851 Poenis
995 777 1199 879 porrigat?
1218 802 1302 856 ecce

410 883 559 976 (Nescio
578 909 653 980 quo
673 882 768 973 fato)
786 892 911 956 vester
929 909 997 986 sua
1015 884 1167 984 proiicit
1184 910 1289 961 arma

409 992 534 1083 Miles,
552 1003 591 1067 et
607 989 754 1091 ingenti
771 987 902 1088 pacem
921 991 1083 1065 clamore
1101 1002 1286 1091 precatur.

409 1099 512 1174 Proh
530 1101 664 1196 pudor,
682 1107 718 1172 et
735 1095 871 1171 nostris
889 1099 1008 1173 maior
1027 1099 1217 1200 Carthago
1235 1099 1373 1174 ruinis!
1616 1197 1619 1201 .

512 1206 688 1281 Dixerat:
708 1214 745 1278 et
762 1215 915 1278 torvum
932 1203 1055 1305 figens
1074 1231 1161 1280 cum
1179 1207 1321 1282 lumine
1339 1208 1491 1284 vultum

409 1312 467 1387 Ad
485 1323 640 1403 terram,
664 1310 837 1413 graditur
854 1312 1070 1409 patriasque
1087 1313 1298 1409 relinquere
1315 1326 1436 1390 terras
1565 1364 1570 1372 ·

409 1420 553 1512 CertuS,
571 1443 659 1494 cum
677 1417 774 1493 natis
792 1417 854 1516 pia
873 1419 1047 1520 coniugis
1065 1421 1198 1494 oscula·
1209 1421 1357 1512 temnit,

410 1527 671 1627 Propositique
691 1537 805 1601 tenax
823 1528 1027 1601 verborum
1045 1528 1207 1625 pondere
1221 1537 1350 1626 ,patres

410 1633 655 1729 Consiliisque
674 1643 813 1723 movet,
833 1656 928 1727 quae
948 1637 1135 1729 nusquam
1152 1635 1311 1733 protulit
1329 1636 1435 1712 alter.

411 1740 598 1815 Exsilium
616 1740 694 1840 ipse
712 1739 826 1840 legit:
846 1765 918 1813 non
938 1740 1047 1815 illum
1065 1751 1174 1834 vota,
1194 1765 1396 1840 precesque

411 1846 493 1922 Non
511 1848 672 1942 retinent
690 1848 829 1938 dulces,
848 1847 1023 1941 quamvis
1041 1847 1295 1944 lacrimantur,
1313 1849 1435 1924 amici.

514 1954 680 2030 Noverat
697 1954 765 2028 ille
779 1953 953 2048 quidem,
977 1979 1075 2050 quae
1093 1965 1212 2029 tortor
1229 1958 1415 2031 barbarus
1433 1955 1489 2030 illi

411 2060 602 2160 Supplicia
621 2071 659 2136 et
676 2061 776 2135 diros
794 2059 982 2135 cruciatus
999 2072 1215 2160 praeparet,
1233 2062 1324 2160 ipsis

410 2169 629 2243 Praesentes
648 2168 765 2242 oculis
783 2166 992 2267 Tyriorum
1009 2167 1157 2243 viderat
1175 2168 1269 2243 iras:

410 2276 588 2350 Attamen
605 2277 710 2349 haud
729 2274 849 2366 aliter,
867 2275 934 2370 qui
952 2300 990 2349 se
1010 2300 1233 2376 opposuere,
1251 2278 1482 2377 propinguos

411 2381 668 2476 Dimovet,ac
687 2382 869 2481 populum
888 2406 1059 2481 gressuS,
1077 2383 1295 2479 reditusque
1313 2396 1543 2482 morantem;

411 2488 536 2580 Quam
554 2491 586 2564 si
603 2491 811 2565 multorum
828 2489 1017 2564 relevatus
1036 2491 1133 2564 mole
1151 2490 1345 2584 laborum,

411 2593 560 2672 Litibus¹
576 2597 734 2690 exactis,
759 2593 921 2670 defensis
938 2598 1011 2672 rite
1030 2597 1210 2672 clientum
1246 2654 1250 2660 .

411 2703 549 2796 Rebus,
568 2715 606 2778 et
623 2704 779 2780 urbanis
798 2715 946 2803 ereptus
964 2704 1124 2800 denique
1143 2704 1255 2797 curis,
1306 2720 1309 2727 ’

411 2811 576 2913 Pinguia
595 2822 781 2887 cessatum
799 2822 1016 2910 properaret
1034 2814 1083 2887 ad
1100 2836 1194 2886 arva
1212 2810 1390 2906 Venafri,

413 2919 490 2994 Aut
508 2930 651 3020 peteret
668 2920 790 3013 Baiae,
808 2929 874 2993 aut
893 2920 996 2994 culta
1013 2919 1136 2995 vireta
1153 2919 1315 2995 Tarenti.

938 3214 1147 3224 ——--——-——

1009 3409 1088 3531 xx

412 3676 540 3747 Merito
563 3678 676 3763 patris
694 3678 741 3746 cel
755 3642 861 3762 filium
874 3676 1010 3755 Atesim
1030 3678 1066 3744 ic
1083 3676 1214 3762 urtam,
1243 3679 1428 3749 sauram
1454 3696 1570 3761 caasa,
1587 3698 1675 3768 pro-

776 3872 779 3879 ,
877 3783 1079 3869 temeratam
1102 3782 1210 3853 1836.
1329 3852 1333 3860 .

412 3952 505 4084 llili',
523 4002 650 4068 noster
668 4019 791 4083 amor,
811 3991 940 4067 matris
958 3992 1187 4091 paramentis
1207 3994 1343 4085 ocelle,

415 4103 503 4202 Spes
521 4101 671 4201 generis
690 4100 816 4199 patrii,
834 4100 1030 4175 subeuntis
1048 4101 1156 4175 dulce
1176 4112 1343 4178 senectae

414 4208 648 4286 Praesidium
677 4206 915 4303 fulcrumque
934 4207 1057 4281 meae!
1075 4207 1226 4307 genitor
1242 4219 1332 4284 tuus
1350 4206 1435 4299 ille,

414 4316 489 4408 Qui
506 4316 652 4415 patiens
670 4324 814 4389 vestras
833 4315 1025 4390 mulcebat
1042 4314 1206 4389 carmine
1225 4318 1415 4411 quondam

415 4426 557 4514 (lunae,
576 4422 688 4519 quive
708 4422 792 4496 sinu
810 4433 983 4497 tenerum
999 4423 1174 4522 gestabat
1192 4424 1409 4515 alumnum,
1494 4480 1507 4497 .

414 4532 462 4607 Et
481 4539 605 4605 custos
623 4555 773 4605 morum
791 4528 913 4604 fuerat
931 4530 1107 4625 vitaeque
1125 4530 1301 4605 recentis:
1359 4606 1364 4613 ,

416 4640 484 4714 Ille
503 4648 590 4712 tuus
609 4638 777 4738 genitor,
798 4636 929 4741 sortis,
947 4636 1000 4711 mi
1017 4646 1126 4728 nate,
1143 4635 1293 4714 futurae

415 4746 574 4822 Defixus
593 4769 694 4838 cura,
712 4756 748 4819 te
766 4744 906 4846 pignus
924 4743 1045 4818 cordis
1063 4755 1231 4820 amatum

416 4854 544 4946 Nunc,
563 4852 745 4947 siquando
763 4851 868 4951 cupit
884 4851 1044 4946 docilem
1063 4852 1135 4926 sibi
1153 4855 1287 4928 dedere
1304 4861 1488 4955 mentem,

360 5013 372 5034 f
417 4962 663 5056 Arrectasque
683 4984 790 5035 aures
806 4958 975 5052 monitis⁷
992 4959 1194 5058 verbisque
1212 4958 1387 5061 paternis.
