4084 6000
951 640 1026 714 249

879 755 1090 768 ——u——n-—n

819 1071 931 1152 ode
960 1069 1161 1154 xxw.

712 1217 1054 1326 subrueremus
1071 1261 1104 1324 et
1119 1256 1259 1327 rivulus.
1364 1240 1367 1245 ’

510 1425 634 1556 Quam
653 1489 795 1565 pervus
816 1464 961 1540 esttibi
980 1463 1126 1561 liquor,
1144 1464 1287 1540 rivulei
1306 1467 1443 1541 vides?

507 1572 561 1649 Ut.
579 1584 705 1647 noster
724 1573 820 1647 altas
838 1597 947 1672 saepe
966 1573 1144 1647 fluctibus
1162 1585 1251 1648 ruat

506 1679 642 1780 Ripae,
661 1680 819 1754 inundet
839 1705 1009 1779 campos,
1029 1692 1139 1779 prata
1155 1682 1315 1779 perluat.

509 1789 722 1863 Praestaret
740 1790 860 1862 undas
879 1791 1038 1862 condere
1056 1789 1218 1888 exiguas
1237 1789 1317 1864 solu

508 1895 669 1987 silente,
689 1919 804 1991 quam
823 1920 901 1970 esse
920 1895 1125 1971 fluminum
1143 1896 1355 1995 patentium

507 2000 732 2078 Ludibrium
746 2013 787 2077 et
805 2003 913 2078 risus.
933 2002 1059 2096 Nihil,
1079 2014 1209 2077 eontra
1227 2004 1310 2095 ille,
1329 2003 1401 2078 erit

508 2108 733 2184 Succenseas
753 2113 855 2204 quod
873 2121 917 2185 tu
936 2111 1070 2206 tuique
1088 2135 1198 2210 pares
1216 2111 1331 2203 mihi,
1450 2168 1456 2179 ,

508 2215 581 2291 Vel
600 2216 735 2291 rivulis
754 2217 882 2292 sociis:
902 2220 1165 2293 tantummodo
1184 2220 1278 2294 bene

506 2322 741 2416 MemineriS‚
760 2327 901 2416 undae,
920 2325 1028 2421 queis
1047 2325 1244 2420 tumeseiS,
1262 2327 1367 2400 haud
1386 2337 1471 2401 tuas

506 2430 629 2506 Solius
648 2457 747 2529 esse3
768 2433 831 2506 sed
850 2432 942 2507 meis
962 2432 1196 2528 liquoribus,

508 2537 555 2612 Et
573 2537 787 2613 rivulorum
806 2539 974 2638 plurium
993 2565 1238 2618 succrescere.

505 2643 607 2736 Quos
627 2644 658 2719 si
677 2671 873 2746 regemne,
892 2673 967 2722 non
984 2647 1127 2747 poteris
1146 2658 1261 2722 temet
1280 2647 1347 2721 diu

505 2752 647 2827 laetare
667 2753 774 2828 nobis
793 2753 927 2830 similis
946 2754 986 2828 in
1005 2755 1125 2855 eapite
1144 2757 1261 2830 latex.

613 2861 687 2936 Cur
705 2886 910 2960 pauperem
929 2861 1035 2937 dives
1054 2867 1214 2963 superbe
1233 2864 1425 2956 temserit,

506 2964 649 3044 Sudore
668 2967 787 3045 vitum
807 2968 839 3043 si
858 2969 960 3044 illius
979 2980 1106 3046 servet
1124 2972 1264 3046 suam?
1380 3010 1384 3012 >

879 3210 1090 3221 ,.-...---..--

827 3470 939 3554 oue
967 3471 1141 3558 xxv.

611 3654 762 3741 Hymnus
778 3672 843 3742 pro
857 3658 975 3743 pluvia
993 3675 1105 3727 mense
1124 3659 1221 3729 Maio.
1244 3610 1354 3729 1840.

566 3816 720 3940 summe
738 3875 927 3941 terrarum
946 3865 1181 3959 Moderat0r‚
1201 3868 1324 3942 almus

559 3969 634 4062 Qui
653 3982 760 4071 puter
778 3976 922 4074 gaudes
941 3974 1116 4074 precibus
1135 3975 1282 4067 vocari,

559 4079 779 4180 Supplicum
791 4126 809 4173 ,=
821 4105 980 4177 quaese,
1000 4082 1132 4155 calidis
1152 4083 1340 4183 benignus

983 4189 1117 4263 Annue
1135 4190 1245 4265 votis,

558 4292 641 4369 Non
661 4320 748 4395 opes
767 4320 857 4370 vero
875 4296 996 4396 pretio
1016 4308 1204 4389 careum,

557 4401 634 4477 Nee
654 4405 882 4483 reflexorum
901 4404 1026 4479 radies
1044 4404 1255 4497 honorum,

558 4510 636 4585 Aut
654 4510 896 4609 voluptatum
916 4512 1080 4609 petimus
1100 4509 1255 4613 fugares

750 4624 752 4629 ’
984 4619 1130 4694 Ducere
1148 4620 1262 4693 rivos.

489 4787 491 4793 ,
559 4724 691 4802 Torret
709 4724 852 4799 aestivo
871 4725 1076 4801 vehemens
1096 4729 1220 4801 calore

559 4833 701 4924 Maiae,
719 4830 865 4906 infestis
885 4832 1076 4907 animatus
1101 4833 1229 4925 Euris,

557 4940 651 5017 Eece
670 4940 878 5039 sapphirus
897 4940 1051 5014 radians
1070 4950 1221 5038 patente
1352 4949 1355 4953 “

982 5048 1120 5147 Fulget
1139 5049 1187 5121 ab
1206 5072 1291 5122 axe.
