4084 6000
983 557 1032 630 37

394 829 399 836 .
427 769 505 848 Nec
522 770 613 846 satis
632 779 691 844 est
706 768 846 846 vidisse
865 772 1000 862 semel,
1019 773 1275 867 redeuntque,
1294 775 1521 868 studentque

531 878 640 953 Nunc
658 877 833 978 propius,
851 879 1022 978 praesul,
1041 901 1157 974 quam
1175 877 1280 977 prius
1292 935 1302 970 ,
1316 879 1370 954 ire
1389 879 1462 954 tib
1473 881 1496 954 i.

428 984 608 1082 Quaeque
625 984 711 1062 sinu
728 985 845 1060 tacito
862 1010 932 1085 pro
949 997 996 1059 te
1014 985 1187 1085 piavota
1203 985 1394 1078 latebant,

532 1093 693 1194 Agmine
711 1118 811 1168 nuuc
829 1095 945 1168 denso
962 1093 1103 1168 coelica
1120 1118 1237 1194 regna
1254 1103 1399 1193 petunt.

428 1200 563 1275 Nullus
583 1202 709 1292 adest,
727 1225 841 1296 quem
859 1226 935 1275 nou
952 1200 1078 1299 capiat
1096 1199 1274 1276 facundia
1290 1201 1465 1302 lingvae,

534 1306 656 1398 Quem
674 1319 761 1382 tua
777 1333 854 1382 uon
870 1317 1041 1383 recreent
1059 1307 1224 1400 lumina,
1241 1309 1369 1383 nullus
1388 1311 1506 1384 adest.

429 1411 503 1489 Nec
521 1415 643 1515 magis
663 1418 712 1488 ad
729 1415 893 1490 reditum
911 1415 1040 1492 dilecti
1058 1427 1147 1490 nata
1164 1416 1351 1515 parentis,

532 1522 657 1614 Quam
675 1534 759 1596 tua
777 1524 942 1598 laetatur
960 1524 1132 1622 praesule
1153 1547 1289 1621 sponsa
1307 1549 1386 1598 suo.

428 1630 574 1729 Agmen
591 1629 802 1723 virtutum,
818 1631 925 1726 queis
944 1628 1092 1730 fulgeS,
1111 1630 1249 1729 quippe
1268 1629 1389 1704 redire

533 1737 674 1831 Sentit,
693 1749 731 1812 ct
748 1737 914 1812 illustres
931 1737 1005 1821 rite
1022 1737 1175 1815 vibrare
1195 1736 1306 1813 faces.

428 1844 608 1937 Miratur,
628 1848 756 1920 sedeat
773 1845 871 1921 tibi
888 1855 1033 1942 quanta
1052 1845 1239 1920 modestia
1257 1844 1401 1943 fronte,

533 1951 752 2043 Quamlibet
769 1953 909 2030 excelsi
927 1955 1076 2028 culmen
1095 1953 1249 2028 honoris
1268 1955 1359 2028 adis.

428 2057 551 2150 Quam
570 2059 693 2152 mitis,
711 2061 902 2158 placidae,
930 2059 1222 2157 quamsummis
1241 2073 1374 2161 gratus
1394 2073 1432 2137 et
1451 2061 1554 2138 imis!

534 2164 659 2256 Quam
677 2168 822 2242 cunctis
839 2192 929 2261 vere
947 2167 1181 2242 desideratus
1200 2169 1307 2244 ades!

429 2273 577 2350 Gaudet
593 2275 779 2352 nobilium
797 2285 844 2349 te
862 2274 1033 2376 fulgidus
1052 2278 1144 2350 ordo
1162 2276 1335 2352 virorum

532 2379 673 2457 Adfore
692 2382 832 2457 iudicio
850 2381 1082 2484 consilioque
1102 2382 1184 2457 sibi.

429 2488 605 2566 Gaudent
622 2489 770 2591 assyrio
789 2488 957 2564 decorati
974 2489 1117 2564 murice
1137 2500 1263 2589 patres

533 2595 593 2672 Te
612 2597 756 2673 soci-um
774 2599 986 2695 quondam,
1013 2622 1113 2672 nunc
1129 2611 1245 2698 caput
1263 2623 1342 2672 esse
1361 2625 1482 2673 suum.

429 2701 579 2781 Gaudet
596 2714 765 2800 oratque
780 2704 865 2804 pius
882 2704 1005 2778 clerus
1023 2707 1261 2804 populusque
1278 2705 1421 2797 fidelis,

534 2806 705 2911 Concipit
722 2824 761 2886 et
778 2812 879 2885 laeto
896 2822 1062 2907 votaque
1083 2837 1241 2912 spesque
1261 2812 1354 2887 sinu.

429 2919 634 3019 Praecipue
652 2921 822 3020 gaudent
838 2918 976 2992 viduae
994 2919 1161 3019 pupillus
1181 2931 1219 2994 et
1237 2920 1377 3013 omnis,

435 3082 437 3088 ,
536 3025 650 3118 Queis
669 3038 757 3103 tua
774 3027 856 3101 vita
873 3036 1006 3126 patens
1025 3037 1158 3126 portus
1178 3039 1216 3103 et
1236 3054 1302 3102 ara
1320 3026 1403 3103 fuit.

431 3134 580 3210 Scilicet
597 3134 681 3227 his,
700 3136 801 3209 mala
818 3137 910 3210 dum
927 3138 1122 3211 vexabant
1140 3135 1251 3210 sortis
1270 3135 1442 3232 iniquae,

537 3242 689 3343 Semper
707 3242 1154 3343 eratprincepstendere
1173 3268 1265 3318 cura
1282 3269 1448 3319 manum.

431 3350 462 3427 Ο
480 3350 625 3446 quoties
644 3352 764 3425 nudos
782 3348 971 3442 contexit,
989 3352 1147 3425 vulnere
1166 3351 1276 3426 laesis

533 3458 731 3535 Auxilium
749 3482 924 3556 praesens
943 3459 1103 3533 dextera
1120 3469 1248 3533 vestra
1266 3459 1376 3534 tulit!
1501 3514 1505 3523 .

431 3565 463 3643 Ο
481 3565 629 3663 quoties
645 3564 812 3641 lacrimis
830 3574 1027 3640 manantes
1045 3577 1196 3667 tergere
1213 3568 1366 3661 vultus,

535 3672 796 3768 Deciduosque
813 3673 894 3748 solo
910 3685 1062 3771 promta
1078 3674 1204 3748 levare
1224 3672 1316 3749 fuiti

431 3778 578 3881 Quippe
596 3790 732 3856 tuum
756 3804 952 3875 nunquam
970 3781 1103 3855 loculis
1123 3780 1285 3872 servire,
1303 3806 1371 3855 nec
1391 3782 1535 3881 amplas

534 3888 696 3967 Divitias
715 3898 754 3962 et
771 3912 859 3987 opes
873 3888 1115 3963 accumulare
1133 3886 1218 3963 fuit.

431 3995 509 4071 Ab!
527 3997 700 4088 valeant,
718 3995 839 4087 dixti,
857 4020 951 4091 quos
970 4005 1089 4097 urget
1103 3994 1186 4069 dira
1204 3995 1360 4094 cupido,

535 4102 732 4200 Quamque
751 4102 820 4177 alit
837 4103 988 4203 argenti
1005 4102 1112 4204 copia
1130 4127 1292 4203 magna,
1311 4102 1403 4178 sitis.

431 4210 573 4287 Merces
591 4211 745 4286 illorum
762 4210 811 4285 sit
828 4233 981 4306 noxque
999 4210 1154 4307 diesque
1173 4210 1310 4307 quietis

535 4316 702 4417 Expers:
722 4335 782 4392 me
801 4315 946 4393 miseris
964 4318 1107 4419 gaudia
1125 4316 1222 4393 ferre
1240 4316 1357 4393 iuvet.

432 4424 579 4501 Currite
598 4428 712 4501 turba
728 4449 903 4524 gemens,
921 4449 1038 4523 quam
1055 4424 1175 4500 tristis
1194 4434 1348 4522 torquet
1366 4438 1535 4525 egestae,

536 4530 611 4609 Eu!
629 4556 714 4607 mea
731 4541 923 4607 currentes
943 4532 1086 4633 excipit
1103 4534 1191 4608 aula
1209 4533 1332 4633 pedes.
1396 4561 1405 4593 τ
1438 4538 1440 4545 ”

432 4639 530 4732 Vos,
550 4639 720 4715 studiosa
737 4637 890 4731 cohors,
907 4640 1101 4734 doctrinae
1120 4650 1158 4714 et
1174 4639 1281 4740 panis
1301 4664 1440 4739 egena,

537 4748 580 4821 ln
598 4745 730 4847 primis
749 4745 859 4821 celeri
876 4747 1019 4822 tendite
1038 4750 1166 4823 adesse
1184 4748 1318 4848 gradu.

433 4852 515 4929 Nou
533 4880 605 4955 ego
622 4878 691 4929 vos
710 4853 832 4953 patiar
852 4865 1013 4929 maestos
1032 4857 1079 4929 de
1099 4852 1229 4930 limine
1247 4864 1376 4930 nostro

536 4962 695 5039 Cedere:
714 4986 799 5061 spes
817 4960 961 5062 patriae
979 4988 1112 5062 nempe
1131 4960 1258 5037 fovere
1276 4964 1392 5037 decet.
