4084 6000
947 621 1023 696 207

351 837 409 911 Ad
428 835 519 935 iuga
537 833 684 908 vicinae
702 834 831 910 Budae
848 836 1073 932 properabat
1088 831 1238 913 Alexis:

353 943 521 1037 Cumque
539 941 652 1041 petit,
670 940 796 1016 sinuat
812 965 912 1016 nova
930 964 1006 1036 qua
1024 967 1063 1016 se
1081 967 1120 1018 se
1137 943 1218 1036 via,
1236 946 1367 1045 magni

351 1050 477 1125 Cernit
495 1052 543 1124 ab
562 1051 719 1123 adverso
738 1046 933 1149 surgentia
950 1050 1119 1126 culmina
1135 1053 1255 1149 Pesti3

350 1158 469 1253 Inq'ue
487 1181 614 1231 omnes
633 1166 676 1230 ut
694 1155 775 1256 agit
792 1156 929 1230 tacitus
946 1174 1049 1257 vaga
1066 1158 1213 1233 lumina
1228 1170 1375 1260 partes,

349 1264 398 1338 Et
416 1275 578 1339 mentem
596 1264 697 1338 varii
714 1288 840 1338 rerum
859 1263 1007 1339 subiere
1026 1267 1183 1363 colores;

350 1373 393 1447 ln
413 1371 546 1447 studiis
565 1371 763 1446 hominum
783 1394 879 1467 quae
898 1395 986 1445 cum
1004 1371 1132 1447 defixa
1149 1384 1339 1468 moratur,

349 1481 422 1555 Per
438 1490 592 1578 pontem
609 1479 794 1553 undantes
812 1478 917 1553 videt
943 1489 982 1553 et
998 1505 1066 1578 per
1083 1482 1248 1581 compita
1265 1487 1396 1557 turbas

348 1586 514 1662 Intentos
531 1588 657 1679 lucro,
675 1586 865 1682 variisque
882 1586 1077 1663 laboribus
1095 1598 1207 1662 actas.

454 1693 507 1770 Ut
524 1694 681 1770 mortale
699 1693 779 1768 ruit
795 1694 920 1768 studia
938 1694 977 1767 in
996 1695 1182 1770 contraria
1197 1697 1361 1797 vulgus,

350 1799 569 1877 Exclamat:
587 1825 688 1876 vana
705 1803 855 1876 delusus
873 1801 1040 1902 imagine
1058 1803 1202 1878 rerum!

348 1908 423 1983 Hic
439 1909 534 1984 levis
552 1908 674 1984 inflati
691 1909 813 1983 ventis
832 1908 1001 2008 agitatur
1019 1910 1190 2008 honoris3

348 2016 460 2090 Hunc
478 2016 562 2091 auri
578 2015 762 2115 pretiosus
780 2040 907 2109 amor,
925 2017 1149 2117 pulchrique
1167 2018 1303 2118 cupido

348 2123 525 2198 Foenoris
544 2123 711 2224 aggestis
730 2122 820 2198 facit
837 2123 1093 2225 impallescere
1111 2126 1294 2219 nummis,

347 2230 499 2305 Divitiis
516 2230 682 2330 inopem,
700 2232 874 2328 curisque
890 2232 1110 2333 ingentibus
1128 2257 1295 2334 aegrum.

347 2337 399 2412 Hi
416 2335 571 2439 fugiunt
589 2337 748 2437 patriam
766 2339 959 2440 peregrini
977 2339 1064 2416 solis
1084 2365 1231 2416 amore:

349 2445 421 2520 Sed
438 2446 564 2520 brevis
582 2445 645 2520 hic
664 2443 768 2520 furor
785 2457 860 2539 est,
879 2471 1032 2528 rursum
1052 2446 1204 2523 fastidia
1222 2459 1320 2524 retro
1351 2505 1354 2510 -

347 2553 521 2628 Palantes
538 2563 735 2646 revocant,
755 2564 791 2628 et
809 2563 898 2628 nota
915 2554 956 2628 in
973 2565 1072 2629 tecta
1089 2569 1284 2653 reponunt.
1371 2571 1374 2574 ’

348 2659 426 2734 Hos
445 2672 568 2736 sumto
587 2661 695 2734 iuvat
713 2659 768 2734 ire
788 2685 901 2761 sago,
920 2658 1094 2757 ferroque
1113 2662 1322 2738 Gradivum

348 2767 526 2866 Carpere3
546 2779 585 2842 at
603 2768 671 2842 hos
690 2767 796 2868 piget
812 2768 943 2842 insano
960 2769 1151 2867 trepidare
1169 2771 1353 2864 tumultu⁴

348 2873 543 2966 Obiectos,
561 2875 756 2969 vitamque
774 2876 872 2949 truci
891 2878 1069 2950 damnare
1088 2877 1237 2974 periclo.

347 2980 420 3056 Hic
439 2981 584 3057 senium
603 2991 816 3081 exspectat,
834 3008 1025 3084 rugasque
1041 2984 1081 3058 in
1100 2982 1228 3060 fronte·
1242 2987 1395 3086 seniles;

347 3088 460 3191 Hunc
477 3092 593 3191 pudet
610 3089 762 3184 aetatiS,
781 3115 967 3188 canosque
986 3090 1113 3167 evellit
1131 3092 1268 3167 inertes

347 3193 508 3297 Indigna
527 3198 678 3273 senibus
696 3198 876 3272 mentitus
892 3199 1059 3301 imagine
1078 3197 1249 3275 formam.

453 3304 578 3379 Anxia
597 3305 649 3379 sio
667 3305 864 3381 hominum
883 3305 1102 3382 distendunt
1119 3318 1271 3407 pectora
1288 3335 1401 3386 curae

347 3411 588 3487 Innumerae:
608 3424 647 3487 at
664 3438 724 3487 me
744 3437 818 3508 quo
838 3414 976 3488 ducent
994 3439 1079 3489 mea
1096 3416 1259 3511 denique
1277 3416 1377 3511 fata,

347 3520 537 3595 Incertum
555 3519 675 3614 vitae,
693 3520 804 3595 sortis
822 3522 1058 3617 dubiumque
1077 3520 1258 3598 futurae?

347 3624 399 3701 Ut
418 3627 523 3702 venti
540 3629 677 3704 fluctus
696 3628 1047 3729 agitant-agitatur
1064 3641 1102 3705 et
1119 3631 1183 3705 ille

349 3733 455 3807 Nunc
473 3734 569 3826 huc,
587 3760 687 3811 nuno
705 3735 815 3833 illuc;
835 3760 910 3831 quo
928 3738 1082 3811 tandem
1098 3738 1208 3811 litore
1225 3739 1382 3839 puppim

247 3930 254 3951 ¹
346 3839 501 3943 Defigat
518 3842 619 3919 vitae
636 3844 814 3936 volvens,
833 3843 1014 3940 vivatque
1032 3847 1177 3919 beatus,

777 4057 800 4134 l
820 4050 991 4157 voluptate
1009 4052 1191 4138 seducitur.

452 4269 548 4347 Ecce
567 4280 713 4364 autem,
737 4259 930 4346 iuvenum
936 4272 1174 4373 praedatrix,
1193 4274 1331 4350 blanda
1348 4275 1525 4376 voluptas

348 4376 472 4454 Obvia
488 4377 533 4454 fit
552 4378 689 4472 dubio,
705 4388 830 4453 vestes
849 4379 1049 4472 discincta,
1066 4390 1246 4480 proterva

347 4485 506 4578 Fronte,
523 4510 667 4583 procax
684 4486 830 4580 verbis,
848 4486 994 4564 incessu
1012 4488 1156 4581 mollis,
1176 4501 1213 4565 et
1231 4492 1378 4567 audax:

346 4590 451 4667 Heus
469 4592 629 4693 pulcher
646 4593 814 4691 iuvenis,
833 4602 900 4667 tua
918 4618 994 4691 quo
1011 4595 1177 4697 vestigia
1193 4599 1384 4673 tendunt?
1406 4635 1408 4638 ·

347 4696 419 4774 Ore
439 4699 626 4775 renidenti
644 4699 748 4775 fatur
765 4700 867 4800 prior
885 4701 972 4776 illa:
992 4727 1139 4782 serenos

315 4870 319 4875 ,
353 4804 393 4881 Si
411 4806 483 4881 tibi
501 4832 605 4883 mens
624 4818 778 4883 cunctos
795 4807 897 4882 vitae
913 4812 1109 4885 traducere
1128 4813 1239 4904 soles,

351 4912 529 4990 Protinus
547 4914 653 4991 haud
670 4914 803 4992 dubita
821 4914 971 4991 facilem
988 4917 1084 4992 mihi
1101 4920 1254 4993 tendere
1272 4920 1456 4999 dextram.

352 5018 438 5119 Ipsa
455 5044 528 5123 ego
546 5046 743 5115 curarum,
762 5020 892 5118 siquae
909 5034 976 5098 tua
992 5036 1143 5123 pectora
1159 5035 1322 5119 vexant,
