4084 6000
1012 575 1088 649 183

410 787 589 884 Quisquis
608 789 682 864 erit
700 789 841 864 solidae
859 785 1029 863 munitus
1047 790 1182 864 robore
1199 790 1337 864 mentis

406 894 569 971 Virtutis
588 896 731 989 cultor,
750 895 874 970 famae
892 896 1084 970 studiosus
1101 896 1292 989 honestae,

407 1004 519 1079 Hunc
538 1028 613 1076 non
632 1003 808 1078 deiicient
827 1002 1003 1078 fortunae
1022 1004 1097 1076 tela
1115 1004 1309 1098 sinistrae,
1453 1075 1457 1082 ,

407 1109 489 1186 Non
507 1110 648 1210 placidi
667 1111 849 1185 extollent
868 1110 1040 1211 Zephyri
1059 1111 1264 1208 stellaeque
1284 1111 1465 1189 faventes,

392 1211 568 1319 ‘Ingruat
585 1217 675 1292 hine
692 1218 831 1292 Boreas
850 1217 1077 1318 glacialibus
1096 1217 1274 1292 horridus
1292 1220 1382 1318 alis3

406 1326 497 1400 Inde
517 1323 646 1400 furens
664 1330 802 1400 Auster
820 1335 1017 1425 turgentes
1037 1336 1188 1399 evomat
1206 1325 1301 1418 iras,

406 1431 470 1506 Nil
488 1443 615 1507 tamen
633 1432 698 1506 hic
715 1432 888 1531 trepidat.
920 1433 1053 1530 Sperat
1070 1432 1228 1506 meliora
1246 1433 1406 1507 sinistris
1513 1498 1515 1501 .

405 1539 578 1614 Vexatus
597 1538 704 1635 fatis3
724 1539 859 1614 metuit
878 1539 1067 1613 contraria
1086 1550 1226 1613 sortem

404 1647 507 1722 Dum
527 1646 640 1722 sentit
656 1647 865 1745 placidam:
884 1663 1050 1737 memor,
1069 1646 1162 1719 haec
1180 1645 1280 1720 Iovis
1299 1647 1425 1720 omnia
1444 1649 1541 1721 nutu

404 1753 562 1853 Dispeni
581 1764 755 1846 aeterno,
774 1753 845 1851 qui
860 1779 947 1827 cum
961 1753 1086 1844 volet,
1100 1753 1256 1851 ‚hispida
1272 1755 1414 1827 nimbis

405 1863 459 1935 Ac
478 1860 632 1935 nivibus
652 1887 744 1935 mox
762 1865 898 1936 bruma
916 1861 1038 1960 riget3
1056 1861 1149 1933 mox
1166 1860 1401 1934 lueeserena

405 1968 535 2046 Cincta
554 1979 800 2043 revertuntur
818 1967 979 2068 genialis
997 1981 1170 2065 tempora
1187 1969 1299 2041 veris.

405 2075 454 2151 Et
470 2100 616 2150 memor
634 2077 822 2150 humanae
842 2075 985 2149 variari
1004 2075 1165 2149 stamina
1183 2075 1297 2149 vitae.

406 2183 475 2259 Gui
493 2183 590 2257 male
608 2183 725 2258 vertit
744 2207 803 2257 res
821 2183 955 2275 hodie,
974 2188 1057 2260 cras
1077 2180 1234 2256 forsitan
1253 2181 1318 2257 ille

405 2290 593 2366 Laudabit
611 2289 746 2364 merito
765 2292 936 2389 placatae
954 2313 1113 2364 munera
1132 2289 1253 2363 sortis.
1352 2381 1355 2387 Ι

423 2411 425 2418 ’
510 2396 603 2489 Quis
622 2397 771 2498 nescit?
791 2421 918 2471 musas
938 2397 1297 2493 etiamquandoque
1317 2396 1446 2487 silere,

405 2503 480 2580 Nec
498 2505 639 2604 pariter
657 2505 765 2579 laetis
784 2529 894 2578 aures
913 2503 1135 2600 animosque
1153 2516 1280 2577 tenere

404 2612 597 2688 Cantibus.
624 2613 676 2688 At
694 2613 897 2713 cytharam
916 2612 1094 2688 Phoebus
1112 2610 1215 2708 rapit
1233 2611 1313 2709 ipse
1331 2619 1546 2701 sonantem,
1581 2668 1585 2677 ,

403 2718 451 2795 Et
468 2719 648 2819 pharetra
664 2729 704 2794 et
721 2719 805 2794 telis
824 2718 975 2817 positis,
994 2717 1203 2818 digitisque
1221 2733 1419 2816 pererrans

404 2826 559 2926 Argutis
578 2826 686 2918 ferit,
705 2836 743 2900 et
761 2827 985 2926 languentes
1003 2825 1161 2899 suscitat
1179 2824 1296 2924 ignes.

403 2935 433 3010 F
435 2935 527 3019 ortis
546 2936 639 3027 eris,
658 2934 691 3009 si
709 2932 805 3008 ferre
824 2959 940 3029 queas
952 2933 1151 3007 animosus
1170 2938 1282 3007 acuta

404 3042 541 3139 Sortis3
561 3068 635 3118 non
653 3045 744 3130 fletu
764 3050 802 3117 et
820 3041 986 3115 lacrimis
1002 3040 1258 3114 muliebribus
1276 3042 1384 3115 udus.
1427 3057 1431 3060 ’

402 3149 450 3225 Et
467 3152 630 3249 prudens
650 3148 835 3244 fortisque
855 3148 988 3241 simul,
1007 3147 1040 3221 si
1057 3148 1210 3240 flamine
1229 3148 1316 3222 vela

403 3256 574 3357 Turgida
592 3256 821 3356 conspiciens
839 3256 967 3349 molli,
985 3264 1053 3330 tua
1069 3256 1189 3329 lintea
1207 3267 1340 3330 cautus

403 3364 600 3441 Contrahis
612 3423 626 3455 ,
641 3375 679 3440 et·
698 3375 822 3463 syrtes
841 3354 939 3441 vada
958 3388 1069 3457 caeca
1087 3374 1125 3437 et
1142 3364 1431 3439 saxalaborans
1560 3419 1562 3422 .

401 3472 553 3564 Vitare,
572 3470 761 3563 adsuescis
780 3470 962 3575 mediocri
980 3471 1111 3545 vivere
1130 3480 1239 3545 sorte.

932 3696 1142 3703 ——-——--0-

1000 3869 1082 3973 xv,

592 4121 718 4209 Sperne
735 4122 943 4208 voluptates:
962 4126 1060 4189 nocet
1077 4126 1165 4189 emto
1183 4105 1301 4188 dolore
1318 4119 1483 4210 voluptas.

1314 4246 1463 4302 Horatius.

400 4400 484 4531 (luo
502 4440 612 4516 ruitis
631 4440 818 4515 iuvenes?
839 4463 913 4535 quo
933 4462 1002 4513 vos
1022 4438 1217 4513 malesana
1235 4429 1353 4511 libido

400 4548 549 4641 Allicit,
567 4559 605 4624 et
623 4548 754 4623 niveos
773 4558 888 4647 urget
906 4549 1091 4646 deponere
1111 4546 1264 4620 mores?

397 4656 566 4732 Huecine
586 4681 669 4754 spes
688 4654 858 4755 patriae,
877 4653 1011 4728 solatia
1031 4660 1133 4728 certa
1151 4662 1371 4752 parentum,

397 4764 484 4840 Huc
503 4764 671 4841 recident
689 4763 867 4837 sumtus?
888 4771 951 4852 ut,
970 4763 1123 4856 quando
1142 4786 1235 4860 pene
1254 4758 1390 4835 tenetis

398 4874 479 4948 lam
499 4884 638 4947 metam
651 4915 667 4964 ,r
679 4870 830 4958 effrenis
851 4881 979 4944 caecos
999 4893 1066 4967 per
1083 4868 1194 4944 devia
1212 4876 1339 4967 raptet

398 4980 477 5057 Vos
496 5004 709 5077 nomenque
729 4982 871 5055 bonum
891 4994 1095 5079 properans
1114 4978 1303 5052 tumulare
1320 4974 1528 5074 voluptas?
