4084 6000
1013 595 1088 670 206

517 808 618 885 Scire
637 807 742 908 cupis
760 805 885 882 forsan
904 831 987 884 mea
1005 833 1118 906 quem
1136 811 1322 885 sententia
1340 835 1429 886 vere

410 915 458 990 Et
475 917 618 990 laetum
645 915 820 1011 dicatque
842 914 901 990 sui
924 915 1067 990 vixisse
1085 919 1305 1015 potentem?
1406 914 1409 918 ’

372 1047 375 1058 ’
411 1023 511 1098 Talis
531 1023 620 1115 erit,
639 1021 700 1096 cui
718 1019 776 1096 fas
794 1031 850 1099 est
867 1021 1002 1118 quavis
1021 1023 1144 1098 dicere
1161 1024 1264 1118 luce,

412 1129 525 1205 Vixi:
545 1154 619 1204 non
638 1129 801 1231 patriae5
820 1155 894 1206 non
912 1130 1092 1225 cuiquam
1109 1123 1207 1206 iusta
1225 1132 1385 1234 negavi,

411 1236 574 1314 Virtutis
593 1261 739 1337 semper
756 1237 889 1312 studiis
907 1237 1085 1313 intentus.
1104 1238 1288 1314 Amoenos

411 1345 500 1420 Esto
519 1344 615 1419 mihi
632 1345 726 1419 soles
745 1353 896 1419 revocet
912 1347 1025 1420 modo
1043 1346 1231 1445 luppiter,
1250 1357 1333 1422 atra

412 1451 584 1528 Oecultet
602 1454 713 1527 modo
731 1456 846 1528 nube:
866 1463 993 1528 tamen
1011 1453 1087 1526 non
1105 1453 1213 1528 irrita
1230 1456 1361 1530 reddet

412 1560 596 1659 Tempora
614 1560 717 1659 lapsa
736 1561 869 1652 semel,
887 1585 954 1634 neo
973 1560 1160 1656 quidquid
1177 1561 1339 1659 denique
1358 1561 1500 1639 factum
1519 1574 1591 1658 est,

325 1761 332 1772 Ι
412 1665 597 1742 Insertum
615 1665 737 1741 faciet.
756 1667 874 1767 Fugit
891 1667 1138 1742 irrevocabile
1155 1678 1325 1768 tempus,
1443 1664 1445 1667 ’

412 1775 460 1850 Et
479 1798 604 1849 secum
622 1773 807 1870 quidquid
825 1773 979 1875 genuit,
997 1775 1193 1870 tollitque,
1211 1777 1395 1876 rapitque.

413 1882 500 1959 Sola
517 1892 643 1956 manet
660 1881 792 1956 virtus.
812 1881 968 1956 Frustra
985 1881 1084 1969 hanc
1102 1881 1255 1958 fortuna
1271 1885 1440 1983 lacessit3

413 1990 488 2065 Ista
507 1988 662 2085 quidem
678 1987 821 2062 variat:
840 1988 957 2063 laetos
975 2014 1079 2063 nunc.
1092 1991 1265 2088 praedita
1282 1994 1415 2067 vultus

414 2096 521 2173 Nunc
539 2095 692 2170 tetricos
702 2127 718 2198 3¹
731 2095 896 2170 lacrimis
914 2095 1016 2196 rigat
1033 2095 1089 2169 illi
1107 2096 1272 2190 lumina,
1290 2101 1397 2174 cuius

413 2203 497 2281 Non
514 2203 658 2302 pridem
678 2203 803 2303 lepido
823 2202 1026 2278 diduxerat
1043 2228 1110 2277 ora
1128 2203 1332 2299 cachinno,

415 2313 531 2408 Inque
550 2334 619 2412 sua
637 2321 693 2385 est
711 2320 883 2385 constans
900 2309 973 2384 nisi
990 2309 1211 2386 mobilitate.
1230 2312 1443 2388 Manentem

415 2421 564 2510 Laudo,
583 2418 614 2491 si
633 2419 770 2492 celeres
788 2441 929 2516 pennas
948 2417 1091 2513 quatit,
1109 2418 1176 2492 illa
1194 2419 1345 2520 resigno

415 2524 520 2617 Quae
538 2523 662 2618 dedit,
682 2535 795 2621 atque
813 2549 897 2599 mea
916 2535 1054 2600 memet
1070 2525 1212 2601 virtute
1231 2529 1364 2601 beatus

415 2633 592 2725 Involvo,
610 2643 647 2706 et
664 2633 764 2716 malo
782 2631 979 2731 probitatis
995 2633 1084 2732 dote
1103 2633 1249 2725 valere,

415 2740 540 2833 Quam
557 2765 645 2814 cum
659 2739 804 2814 divitiis
823 2763 1018 2839 perversos
1036 2739 1193 2839 iungere
1210 2763 1343 2814 mores.

519 2846 694 2943 Aequora
713 2846 929 2921 convellunt
947 2849 1083 2921 fluctus
1094 2874 1112 2939 ,·
1124 2847 1337 2951 Aquiloque
1356 2846 1547 2944 Notusque

415 2956 516 3032 Inter
534 2969 573 3029 'se
591 2956 751 3030 adversa
768 2955 961 3029 decertant
978 2953 1121 3052 praelia
1140 2952 1273 3029 fronte.

416 3062 498 3139 Non
517 3088 587 3163 ego
606 3060 769 3161 profusis
787 3062 908 3155 rotie,
925 3061 1175 3161 precibusque
1192 3059 1339 3162 rogabo

416 3173 525 3246 Astra
542 3170 654 3245 meis:
673 3169 823 3270 Cypriis
841 3169 1042 3271 Tyriisque
1060 3168 1225 3270 benigna
1242 3194 1309 3269 per
1327 3170 1450 3243 altum

416 3278 602 3354 Mercibus
621 3302 699 3360 esse
715 3276 852 3369 velint,
870 3301 938 3349 nec
956 3301 1072 3350 avaro
1089 3276 1244 3377 gurgite
1262 3288 1447 3378 mergant.

417 3383 479 3460 Nil
496 3408 641 3475 moror,
660 3383 753 3457 haec
771 3383 863 3456 alios
883 3383 1127 3478 quantumvis
1145 3409 1235 3457 cura
1252 3382 1406 3485 fatiget:

417 3492 499 3592 Ipse
518 3517 589 3591 ego
608 3500 742 3591 pacata
760 3493 935 3566 constabo
954 3501 1096 3583 mente,
1116 3488 1263 3593 fugacis

417 3601 605 3674 Fortunae
623 3599 711 3672 lusu
730 3597 870 3691 maior,
888 3607 1070 3694 tutusque
1088 3598 1244 3673 biremis

419 3706 610 3784 Praesidio
629 3705 752 3790 lintris
770 3705 903 3779 mediis
923 3707 968 3779 de
987 3706 1164 3780 fluctibus
1182 3705 1323 3806 Aegaei

417 3815 621 3915 Emergam
639 3813 765 3887 maris.
785 3813 898 3887 Haud
917 3836 1042 3905 secuS,
1061 3838 1104 3887 ac
1122 3815 1214 3887 dum
1230 3813 1314 3887 luce
1332 3830 1461 3886 serena

354 3984 357 3997 ,
419 3923 522 3998 Aura
540 3919 671 3995 favens
688 3919 815 4020 pronis
833 3918 1027 3994 blanditur
1043 3920 1195 3994 flamine
1213 3920 1327 4015 velis3
1439 4017 1441 4022 y

419 4029 468 4104 Et
486 4027 620 4103 fratres
638 4026 803 4102 Helenae
821 4027 962 4103 Pollux
978 4026 1186 4123 Castorque
1203 4026 1384 4101 micantes

419 4135 641 4213 Demulcent
659 4134 751 4209 alias
769 4134 884 4209 iretas
903 4133 1076 4231 aequoris
1093 4135 1224 4208 undas.

865 4448 870 4457 .
983 4506 1111 4584 xrn.

676 4692 793 4763 Alecto
809 4692 848 4783 tu
863 4690 1019 4779 elipando
1037 4691 1130 4761 ottae
1145 4693 1236 4762 stara
1250 4690 1427 4777 fluctuans.

422 4844 453 4957 P
459 4907 639 4983 urpureus
657 4876 790 4957 rubuit
806 4881 928 4982 primo
947 4882 1016 4956 vix
1033 4881 1177 4958 lumine
1194 4882 1391 4974 Phoebus,

289 5006 293 5017 '
376 5094 378 5107 Ι
421 4990 553 5067 Molles
571 5014 689 5089 quum
706 4989 893 5065 thalamos
904 4989 1083 5085 'linquens
1109 5000 1146 5065 et
1172 4987 1296 5089 patria
1311 4998 1410 5064 tecta
