4084 6000
944 644 1018 718 239

870 758 1083 768 *-

851 1074 966 1156 oue
994 1021 1111 1158 xv.

344 1289 397 1358 ld
414 1282 576 1359 loannem
597 1297 783 1356 SZILASSY
800 1299 861 1362 etc.
885 1293 1083 1362 canonicam
1108 1293 1487 1386 mapncoaradincnscm
1511 1296 1611 1366 latini

342 1414 439 1499 ritus,
460 1417 517 1502 qut
533 1415 720 1504 ttcotoptac
736 1433 821 1487 stuc
846 1417 1031 1505 pastoratts
1057 1419 1269 1504 exempturo
1294 1420 1433 1490 residuo
1457 1423 1612 1492 societati

385 1557 413 1607 1.
434 1538 605 1628 Stephani,
626 1545 660 1610 et
678 1543 823 1612 alumnis
840 1543 1001 1612 dioecesis
1018 1540 1226 1611 1111111111
1243 1543 1439 1614 donauerat.
1465 1542 1573 1613 1854.

553 1742 760 1864 llootorum
780 1812 937 1862 numero
956 1787 1066 1861 dulce
1096 1785 1392 1865 Szilassium

553 1893 717 1988 Nomen,
743 1906 854 1994 grata
873 1919 978 1969 meae
997 1895 1174 1970 materies
1193 1896 1321 1997 lyrae!

554 2001 639 2094 Qua
657 2026 786 2078 musae
804 2001 940 2101 pietas,
965 2027 1089 2100 quave
1107 2004 1275 2103 flagrans
1294 2029 1401 2080 amor

717 2164 721 2172 ·
758 2107 922 2210 Urgent,
942 2135 1035 2183 num
1053 2100 1224 2184 dubitem
1243 2095 1378 2207 secui?

553 2216 714 2291 Venturi
731 2242 938 2293 memorem
956 2216 1138 2316 temporis
1156 2217 1303 2319 inclyto

552 2320 755 2399 Fautorem
774 2324 982 2424 ingeniote
1001 2325 1212 2416 celebrant,
1230 2325 1346 2424 piam,

552 2430 636 2523 Qua
655 2431 817 2508 formare
835 2431 943 2506 iuvet
961 2456 1068 2505 cerea
1086 2442 1259 2531 pectora,

762 2537 893 2614 Artem
911 2538 979 2634 qui
997 2538 1146 2639 sapiens
1164 2540 1284 2613 doces,
1503 2629 1505 2633 ι

551 2644 747 2737 Quaenam
765 2644 1007 2720 Christicolas
1028 2670 1137 2736 cura,
1158 2645 1243 2741 quis
1262 2645 1427 2745 optimus

550 2754 717 2828 Pastoris
736 2755 844 2828 labor
862 2754 912 2826 ad
930 2761 1014 2826 tuta
1032 2752 1197 2852 mapalia

550 2860 700 2936 Electus
718 2858 872 2935 Domini
891 2860 1028 2933 ducere
1046 2859 1097 2932 sit
1113 2884 1270 2960 greges:

762 2963 855 3057 Quis
875 2977 928 3059 te,
947 2965 1032 3063 quis
1052 2967 1187 3042 melius
1206 2967 1362 3043 monet?

550 3076 601 3150 At
620 3100 694 3149 non
713 3073 921 3174 limpidulis
940 3074 1109 3152 fontibus
1128 3085 1185 3148 est
1203 3075 1313 3167 satie,
1375 3073 1378 3079 ’

551 3183 687 3258 Dulces
706 3182 738 3256 si
755 3180 907 3281 proprio
927 3181 1144 3256 contineam
1159 3179 1242 3258 sinu

551 3288 700 3387 Undas3
719 3288 812 3386 quin
829 3300 1032 3387 properent
1049 3288 1218 3384 undique
1237 3289 1381 3363 consita

762 3394 966 3496 Exaugere
985 3421 1055 3495 ope
1074 3396 1257 3497 germina.

551 3501 600 3578 Et
618 3515 656 3578 11
674 3502 857 3579 munifica
875 3503 1062 3601 cernimus
1081 3504 1121 3579 id
1139 3528 1254 3579 manu

550 3612 740 3704 Molitum,
756 3609 900 3711 ingenii
917 3611 1077 3685 flumina
1094 3610 1241 3711 largius

551 3720 735 3803 Derivans
753 3718 898 3818 patriae
916 3743 983 3817 per
1001 3742 1107 3792 sacra
1124 3719 1285 3816 pascua:
1406 3800 1409 3805 ,
1437 3788 1443 3816 ‚

761 3825 944 3901 Addictus
963 3825 1037 3900 nisi
1056 3824 1233 3906 coelitum

550 3932 636 4009 Aris
656 3945 768 4028 atque
786 3934 909 4025 lauru,
929 3935 1032 4029 quod
1049 3934 1136 4006 beat
1155 3929 1264 4006 unice

550 4040 740 4115 Mortales.
760 4040 818 4114 Ita
836 4048 874 4113 te
892 4039 1076 4139 praesulis
1095 4038 1231 4139 optimi

552 4148 768 4225 Surrexisse
787 4146 916 4239 iuvat,
935 4170 1010 4242 qua
1029 4147 1138 4240 licet,
1157 4146 1360 4220 aemulum.

761 4254 911 4356 Dignus
931 4252 1118 4332 coelicolis
1136 4252 1261 4331 labori
