4084 6000
857 1064 969 1146 ode
997 1065 1226 1155 XXVss.

724 1261 885 1352 lanaeum
905 1269 1124 1356 corrumpunt
1141 1271 1211 1341 otiu
1228 1288 1361 1359 corpus.

625 1448 742 1567 Lento
761 1503 926 1592 tepesees
946 1497 1022 1572 otio

619 1599 710 1698 Spes
729 1601 888 1699 pulchra
907 1605 1025 1678 nostri
1045 1597 1204 1699 saedufi,

619 1706 667 1780 Et
685 1733 840 1807 germen
859 1712 993 1786 aetatis
1012 1715 1132 1787 tuae?

617 1815 755 1889 Mentis
774 1841 841 1889 nee
861 1821 973 1893 ardor
991 1819 1146 1919 igneus,

619 1922 763 1997 Summi
782 1936 905 2000 metus
925 1952 992 2000 nee
1011 1928 1179 2002 numinis

617 2028 651 2103 N
653 2055 693 2102 ee
712 2041 803 2103 vota
821 2033 983 2131 patriae,
1009 2061 1077 2109 nee
1095 2048 1267 2135 patrum,

494 2180 498 2194 ι
619 2135 694 2209 Nee
713 2137 888 2215 stimulus
907 2143 1028 2216 almae
1045 2143 1209 2242 gloriae,

617 2244 727 2318 Claro
745 2242 897 2346 fugabit
916 2249 1057 2323 lumine

617 2351 689 2427 Tui
707 2362 904 2430 veternum
924 2358 1117 2456 pectoris?

722 2459 772 2534 At
790 2473 926 2564 stagna
943 2467 1104 2564 putredo
1122 2477 1300 2566 occupat,

617 2567 754 2642 Exedit
772 2581 809 2643 et
827 2584 968 2645 vestem
988 2573 1101 2670 situs3

616 2677 741 2775 Largo
761 2677 897 2772 quietis
917 2679 1073 2752 erimine

617 2783 728 2874 Plus,
748 2809 861 2879 quam
881 2787 1007 2861 labore
1027 2789 1157 2862 sedulo

616 2891 812 2965 Laxantur
829 2903 932 2968 artus
952 2896 1129 2993 eorporis.

723 2998 885 3075 Videsne
905 3005 1045 3077 multos
1064 3005 1250 3100 squallido

616 3106 758 3200 Vultu,
783 3109 965 3185 reuinctos
983 3111 1149 3211 tegmine

616 3216 777 3308 Laeer0,
797 3216 895 3292 fame
915 3219 1139 3312 exhaustos,
1165 3229 1250 3294 aute

615 3323 694 3397 Vix
713 3348 796 3397 ossa
814 3349 902 3417 sua,
931 3328 1134 3421 dentesque
1153 3327 1221 3401 vix

615 3430 776 3504 Testes?
797 3433 908 3533 Legis
927 3458 1036 3506 ruere
1055 3436 1212 3509 thronos

614 3537 662 3611 Et
680 3537 816 3637 regna3
840 3541 1002 3639 populos·
1017 3541 1177 3615 nominis
1254 3596 1259 3606 ,

615 3646 827 3742 Famaeque
847 3650 965 3721 nudos
986 3650 1185 3723 desinere?

595 3751 744 3846 Deles,
764 3754 862 3829 ludis
881 3755 1053 3830 licentiae

614 3862 705 3935 Late
725 3862 877 3954 solutiS,
905 3864 1065 3938 erimina

614 3969 700 4042 Alto
720 3972 882 4069 superba
901 3972 1064 4064 vertice,

496 4087 498 4091 '
613 4076 764 4151 Virtute
782 4088 935 4176 patrum
953 4090 1067 4173 atque
1084 4080 1257 4180 improbo

615 4184 760 4258 Labore
779 4196 910 4283 parta,
928 4188 1115 4283 perdere?

718 4286 822 4365 Haec
840 4304 1006 4367 monstra
1025 4295 1130 4368 molli
1148 4296 1225 4370 edit
1242 4295 1331 4371 sinu'

616 4398 833 4473 Mortalium
852 4401 983 4499 pestiS,
1007 4402 1150 4475 malum

617 4507 775 4581 Crudele
794 4508 957 4599 eunetis,
982 4508 1115 4583 otium.

618 4613 656 4688 Si
675 4615 813 4709 lexque
832 4614 935 4687 cordi
954 4627 1010 4689 est
1028 4640 1182 4713 mosque
1201 4643 1288 4693 eum

617 4721 790 4814 Virtute,
809 4720 933 4822 fugies
952 4723 1090 4798 otium:

616 4828 685 4903 Oui
704 4828 869 4904 assident
888 4830 959 4904 nisi
978 4831 1060 4905 alea

615 4938 716 5037 Lege
735 4936 866 5029 vetita,
884 4949 998 5033 atque
1017 4963 1197 5015 censuum

615 5042 782 5137 Vertere,
806 5056 843 5119 et
861 5045 1116 5121 innocentium
