4084 6000
838 1164 1135 1270 fflfflmn.

351 1383 482 1456 Pinari
506 1384 638 1458 reaten
664 1386 824 1477 circium
851 1387 1000 1460 Muricm
1023 1389 1173 1475 suspiria
1199 1389 1232 1458 ci
1257 1387 1364 1459 morbi
1389 1345 1614 1462 aemma

758 1617 762 1627 ·
788 1511 895 1596 ferme
912 1513 1048 1583 reducti
1070 1509 1177 1584 1813.

404 1662 515 1776 Almo
533 1724 669 1799 parens
686 1701 762 1779 Ies
773 1727 820 1794 u,
838 1701 1075 1786 meterfrnihi
1094 1727 1240 1803 semper
1257 1713 1402 1798 amem,
1457 1771 1459 1780 .

508 1807 557 1884 Et
574 1808 754 1908 precibus,
767 1833 915 1909 semper
931 1811 1003 1886 rite
1020 1821 1156 1886 vocatu
1174 1811 1277 1886 meis.

404 1916 516 2009 Quod
533 1915 627 1992 facis
646 1916 871 2010 innumeris,
888 1918 957 2014 qui
974 1932 1012 1995 te
1030 1943 1215 1995 accessere
1233 1931 1447 2018 precantes,

507 2024 799 2105 Auxilietricem
817 2025 871 2100 mi
889 2051 1041 2123 quoque
1052 2028 1173 2102 tende
1190 2053 1357 2104 manum.

404 2132 589 2234 Oregina
606 2133 683 2232 poli
701 2133 847 2210 cunctis
866 2131 1073 2234 fulgentior
1090 2134 1220 2228 astris,
1288 2181 1293 2192 ·

509 2239 632 2337 Atque
650 2240 709 2314 tui
726 2241 806 2315 nati
824 2252 944 2316 mater
960 2255 1086 2316 amata
1102 2242 1190 2318 Dei!

403 2347 558 2448 Aspice,
576 2373 692 2445 quam
710 2347 783 2422 diri
802 2349 971 2425 crucient
988 2375 1072 2426 mec
1091 2351 1262 2426 membre
1281 2349 1447 2446 dolores,

508 2456 562 2532 Ut
578 2455 722 2531 iaceam
740 2455 838 2530 tristi
856 2455 959 2532 fixus
977 2459 1146 2553 adusque
1163 2456 1264 2547 toro!

404 2563 557 2662 Aspice,
574 2589 690 2660 quam
708 2563 814 2639 nulla
830 2564 950 2662 possit
968 2565 1196 2666 Podalyrius
1214 2574 1314 2656 erte,

506 2670 691 2763 Horrida,
709 2670 814 2767 queis
833 2697 976 2764 vexor,
994 2672 1131 2772 pellere
1150 2672 1226 2747 tela
1244 2670 1346 2746 mali.

401 2777 459 2854 Tu
477 2778 574 2854 mihi
591 2785 699 2870 (narn
717 2777 844 2852 miseri
862 2804 945 2878 spes
964 2779 1004 2854 in
1024 2790 1062 2853 te
1079 2789 1160 2854 tota
1177 2777 1381 2868 recumbit)

507 2885 716 2986 Propiticm
735 2886 887 2961 adflicto
906 2887 1060 2986 porrige
1079 2899 1199 2962 meter
1217 2911 1336 2985 opem.

403 2996 460 3071 Ad
478 3007 517 3070 te
535 2991 782 3095 confugiunt,
796 3019 964 3090 ,quorum
981 2994 1200 3094 praecordia
1219 2992 1334 3071 febris

507 3102 658 3195 Torret,
676 3127 745 3176 nec
764 3128 903 3177 vacuos
921 3103 1032 3204 virgo
1051 3103 1172 3179 redire
1191 3102 1291 3177 sinis.

403 3209 506 3286 Mille
525 3210 634 3285 malis
652 3209 771 3309 pressi
788 3222 826 3284 te
844 3210 1010 3285 clamant
1028 3211 1151 3309 mille3
1167 3236 1236 3291 nec
1253 3218 1372 3303 unuS,

507 3318 578 3397 ‚Oui
597 3329 665 3392 tua
681 3343 757 3396 non
775 3318 893 3411 adsit,
912 3318 1054 3410 dicere,
1072 3320 1208 3393 dextre
1225 3330 1358 3418 potest.

401 3424 461 3500 Me
479 3450 630 3522 quoque
648 3436 707 3501 tot
723 3437 853 3526 gretes
869 3426 968 3504 inter
984 3436 1181 3503 numerato
1200 3427 1373 3519 clientes,
1404 3484 1406 3487 -

506 3531 609 3623 Quos
628 3534 913 3609 obstrinxerunt
930 3545 987 3610 tot
1005 3532 1203 3611 benefacta
1220 3534 1302 3612 tibi.
1436 3593 1439 3604 .

402 3638 478 3716 Nec
497 3640 611 3732 mihi,
630 3665 727 3737 quae
744 3651 900 3741 gratum
918 3644 1070 3735 doceat,
1087 3641 1298 3741 pietasque,
1316 3652 1529 3741 precesque,

506 3747 582 3823 Nec
599 3748 701 3823 votis
717 3752 876 3828 deerunt
892 3749 1060 3826 carmina
1077 3750 1178 3825 iuste
1195 3749 1277 3848 piis.
1469 3747 1470 3751 ’

401 3854 483 3931 Non
501 3855 695 3952 (equidem
714 3854 852 3948 fateor)
869 3856 1104 3957 splendentia
1121 3858 1237 3951 done,
1255 3881 1323 3933 nec
1341 3860 1451 3933 aedes
1519 3855 1524 3878 ⁴

504 3963 728 4067 Magnificus
746 3965 870 4039 tenuis
887 3985 1026 4063 ponere
1044 3967 1180 4040 dextra
1195 3964 1309 4039 velet.

361 4103 365 4115 ·
398 4069 467 4147 Est
484 4070 581 4145 mihi
599 4070 742 4167 (sitque
758 4078 909 4171 precor)
926 4083 1069 4172 pectus,
1087 4074 1190 4168 quod
1207 4074 1346 4173 flagrat
1364 4098 1507 4166 umore,

504 4178 776 4281 Flagrebitque
792 4182 946 4273 lubens,-
963 4180 1073 4281 virgo
1091 4178 1326 4273 Meric,'tui:

400 4284 481 4361 Hoc
499 4286 570 4363 tibi
587 4290 768 4363 devotum
785 4288 918 4380 vultu,
935 4314 1011 4385 quo
1030 4299 1166 4364 cuncte
1182 4313 1353 4382 serenes,
1385 4328 1398 4357 ιι
1538 4307 1542 4320 ·

505 4393 637 4485 Quove
656 4395 766 4472 iuvas
783 4396 957 4489 miseros,
975 4407 1176 4471 contueare
1193 4422 1335 4497 precor.

401 4502 482 4579 Hoc
499 4502 592 4597 tibi,
610 4502 690 4577 sive
707 4506 847 4580 rubens
864 4514 1070 4580 venturum
1088 4504 1240 4579 nunciet
1257 4504 1353 4597 Εοε,

506 4610 579 4686 Seu
596 4611 718 4686 vitreo
737 4634 886 4712 mergas
904 4636 1087 4708 aequore,
1104 4612 1274 4706 Phoebe,
1293 4633 1437 4687 cornus:

399 4717 567 4793 Assiduis
584 4730 739 4820 gratum
756 4719 949 4819 precibus,
967 4720 1140 4816 votisque
1157 4719 1353 4819 probabit,

502 4826 579 4902 Nec
596 4828 736 4927 poterit
752 4827 881 4904 leudes
899 4852 974 4902 non
991 4826 1128 4903 iterare
1145 4838 1242 4903 tues.

397 4932 554 5009 Fallor‘?
574 4959 624 5009 an
641 4934 816 5011 immensi
833 4934 913 5011 neti
931 4946 968 5009 te
986 4956 1127 5011 numen
1144 4934 1268 5029 edire,

501 5043 651 5138 Proque
668 5068 754 5119 mee
769 5042 904 5136 video,
921 5041 1032 5135 dive,
1051 5043 1169 5121 solute
1187 5041 1323 5139 loqui‘i
