4084 6000
972 641 1046 717 149

367 853 573 930 Vintutum
591 879 715 930 comes
733 857 774 930 it.
802 854 886 931 Non
903 855 992 930 hinc
1011 881 1132 958 genus
1150 882 1259 932 omne
1279 859 1453 934 laborum

367 962 586 1037 Formidare
604 964 707 1038 valet
725 964 933 1056 Paulus,
951 989 1026 1038 non
1044 965 1170 1040 taedia
1188 977 1311 1058 curat,

367 1068 626 1166 Difficilesque
643 1070 746 1145 vias:
765 1082 802 1145 et
821 1070 995 1167 quamvis
1013 1072 1162 1146 dulcius
1180 1072 1238 1146 illi

366 1177 429 1252 Nil
447 1177 570 1277 patrio
590 1175 707 1252 fuerit
724 1177 848 1271 coelo,
865 1179 1053 1273 vultuque
1072 1199 1246 1276 suorum,

367 1283 557 1381 Obsequio
575 1284 746 1360 addictus
764 1311 919 1385 regum,
937 1285 1164 1384 publicoque
1183 1284 1309 1360 decori

366 1393 457 1467 Plus
475 1416 591 1487 quam
609 1392 729 1466 lustra
746 1403 911 1488 quatuor
928 1393 1138 1493 peregrinis
1157 1393 1262 1468 ducit
1279 1393 1319 1466 in
1337 1391 1423 1468 orie.

366 1499 415 1574 Et
433 1524 509 1594 qua
527 1498 669 1573 laude‘l
689 1524 822 1600 rogas:
839 1500 1100 1595 quamtumvis
1117 1499 1273 1600 Belgica
1290 1499 1403 1575 tellus

366 1607 583 1701 Dresdaque
602 1606 696 1680 nihil
714 1605 900 1702 referant,
920 1606 1155 1699 Londinum,
1173 1609 1263 1681 urbs
1282 1607 1429 1707 inclyta
1447 1617 1548 1699 toto,

365 1712 450 1803 Qua
468 1723 594 1813 patet,
609 1715 701 1788 orbe
718 1715 809 1789 satis
826 1713 1043 1788 celebrabit.
1073 1713 1134 1788 Nil
1153 1739 1238 1788 mea
1255 1713 1377 1788 maius

366 1821 476 1896 Musa
492 1845 662 1916 unquam
681 1821 842 1913 recinet,
860 1820 915 1900 nil
932 1820 992 1894 his
1010 1820 1204 1896 iHustrius.
1215 1846 1394 1917 unquam.

469 1928 645 2003 Praeside
662 1938 721 2002 ter
737 1926 833 2002 felix
849 1938 956 2002 tanto
973 1928 1188 2027 sempronia
1206 1929 1334 2003 tellus!

363 2035 466 2109 Haec
484 2035 556 2109 tibi
574 2035 657 2109 iure
675 2035 754 2110 dies
772 2035 893 2110 niveis
912 2035 1098 2135 signanda
1112 2035 1263 2134 lapillis,

362 2142 465 2216 Haec
484 2139 592 2217 fastis
610 2142 835 2218 celebranda
852 2143 949 2217 tuis:
969 2143 1057 2217 hinc
1076 2143 1219 2218 scilicet
1235 2167 1401 2238 aequum

363 2249 510 2345 Fasque
526 2249 644 2346 redit,
662 2249 806 2327 meritis
824 2249 913 2324 hinc
931 2250 1102 2349 praemia
1119 2249 1217 2324 iusta
1234 2260 1428 2349 parantur.

468 2355 700 2431 Kis-Marton
717 2382 828 2449 vero,
845 2357 1001 2452 reliquis
1019 2354 1165 2432 felicior
1183 2357 1282 2449 oris,

361 2464 545 2561 Alloquiis
563 2466 766 2538 recreanda
784 2464 914 2556 honio,
931 2465 1118 2558 vultuque
1137 2489 1267 2538 sereno

360 2571 545 2671 Principis
563 2571 703 2670 optati,
720 2596 796 2667 quo
814 2583 851 2646 te
870 2583 937 2646 tua
954 2571 1118 2671 gaudia,
1136 2595 1212 2666 quo
1230 2583 1268 2646 te

361 2678 462 2753 Vota
480 2676 632 2753 ferent‘l
651 2703 743 2779 age,
762 2679 953 2752 stellatum
971 2678 1113 2777 respice
1131 2678 1361 2780 Olympum:

359 2787 467 2860 Alme
486 2797 613 2885 pater,
631 2782 817 2878 referens,
834 2785 896 2860 cui
914 2798 1003 2860 sunt
1019 2786 1194 2860 mortalia
1214 2810 1348 2877 curae,

359 2894 466 2967 Hanc
484 2918 644 2989 quaeso,
662 2902 787 2968 tutare
806 2894 980 2984 domum,
999 2917 1175 2987 serosque
1195 2904 1346 2992 nepotes

359 3001 545 3101 Propitios
563 3001 671 3076 nobis
690 3003 809 3092 dona,
828 3000 1045 3100 patriaeque
1065 3001 1177 3077 saluti

359 3109 544 3201 Devotos,
561 3110 799 3205 Pauloque
817 3133 926 3208 pares
943 3119 982 3183 et
999 3109 1167 3183 moribus
1187 3108 1310 3183 aureis

357 3216 406 3290 Et
424 3216 525 3308 vita,
543 3216 688 3319 pyliam
709 3227 858 3314 superet
874 3241 972 3312 quae
990 3216 1091 3293 laeta
1109 3215 1316 3291 senectam!

885 3440 923 3451 -ν-
931 3441 1091 3451 ·—-·----.

966 3645 1012 3719 11.

356 3868 411 3937 Ad
444 3868 619 3956 Georgium
654 3875 755 3933 clau
789 3868 982 3953 episcopum
1016 3858 1269 3951 uclcsonran,
1303 3882 1367 3949 per
1394 3826 1625 3953 praedomuit

355 3975 493 4048 Petrum
508 3984 789 4046 Knouuslczur
806 3972 1100 4060 archiepiscopum
1118 3972 1348 4054 colocensem,
1367 3988 1463 4043 suum
1481 3974 1624 4062 inport-

574 4080 753 4169 tificclibus
768 4080 1022 4170 suffraganeum
1040 4084 1272 4149 consecratam
1294 4074 1402 4149 1838.
1528 4110 1531 4114 ·
1596 4083 1610 4120 ῑ·

353 4250 707 4391 llomacupit,rex
726 4285 1348 4388 vult,votisaccede,Georgi,
1485 4324 1495 4331 ··

352 4398 544 4476 Praesulis
562 4388 747 4473 annorum
764 4420 942 4488 numero,
961 4395 1181 4490 meritisque
1200 4395 1335 4469 decori.

353 4506 472 4582 Dulce
489 4504 553 4605 pio
571 4518 659 4594 nato
677 4516 735 4579 est
752 4529 883 4579 carum
901 4504 1069 4579 relevare
1087 4513 1303 4600 parentem,

351 4615 401 4690 Et
420 4613 503 4687 vice
522 4612 730 4714 grandaevi
748 4614 862 4685 duros
880 4611 1038 4687 tolerare
1057 4609 1225 4705 labores,
1362 4682 1365 4687 .

353 4722 441 4798 Sive
459 4719 537 4795 dies
556 4731 685 4820 poscat
703 4718 902 4794 fallacibus
919 4717 1097 4793 horridus
1114 4716 1284 4807 bustric,

353 4829 426 4906 Seu
444 4827 593 4903 minuat
611 4828 710 4906 vires
727 4825 997 4901 insanosirius
1016 4835 1134 4901 aestu.
1603 4898 1607 4904 .

457 4935 611 5035 Aspice,
629 4934 695 5032 qui
714 4934 843 5033 cupiat
859 4942 898 5009 te
916 4945 1061 5007 sacram
1080 4955 1227 5009 sumere
1245 4930 1418 5022 mitram,
1550 4968 1553 4973 ·

351 5042 617 5142 Partitumque
635 5042 706 5118 tibi
725 5066 886 5135 numen,
904 5040 1087 5137 divosque
1108 5040 1268 5130 caloreS,
1494 5052 1496 5059 ⁴
1584 5056 1585 5063 ’
