4084 6000
1037 629 1086 704 82

955 743 1167 757 m

484 838 634 916 Africus
652 862 794 938 aequor
811 840 913 943 agit,
929 841 1052 917 Borea
1070 841 1297 918 convellitur
1313 844 1422 937 aula,

588 947 662 1024 Hei
678 948 776 1022 mihi
793 960 887 1046 quot
903 960 1039 1025 ventus
1057 948 1181 1049 perdit
1197 959 1355 1047 uterque
1373 953 1488 1026 rates!

481 1055 719 1151 Aequoribus
736 1055 897 1131 nimium
916 1081 1012 1154 quae
1030 1055 1118 1131 fidit
1138 1081 1285 1153 cunque
1304 1059 1462 1154 quietis,

586 1162 783 1239 Fluctibus
799 1163 840 1237 in
858 1165 991 1240 mediis
1009 1162 1198 1265 naufraga
1215 1165 1352 1264 puppis
1371 1178 1462 1242 erat.

481 1269 707 1345 Ludibrium
725 1270 870 1364 ventis,
887 1282 1000 1371 portu
1018 1271 1186 1366 ridente,
1205 1275 1387 1347 natabant

573 1377 802 1472 Antennae,
820 1379 933 1472 mali,
951 1379 1108 1480 turgida
1124 1380 1231 1470 vela,
1248 1383 1386 1456 trabes.

409 1502 413 1508 ’
483 1484 646 1578 Auram,
665 1485 773 1582 siqua
790 1484 914 1580 favet,
933 1497 1044 1586 capta
1061 1485 1310 1586 moderatius,
1330 1488 1421 1562 atris

587 1593 759 1685 Insidiis,
777 1594 951 1691 quamvis
970 1593 1109 1669 faverit
1126 1593 1214 1687 illa,
1233 1605 1362 1670 scatet.
1460 1613 1463 1617 ’

482 1698 587 1791 Quae
605 1710 643 1774 te
662 1703 886 1800 pendentem
904 1701 1004 1777 tollit
1023 1725 1136 1801 super
1156 1700 1333 1796 aethera,
1351 1705 1503 1778 tandem

586 1807 746 1901 Deiicit,
765 1834 857 1884 aura
876 1806 1315 1904 favens,10are,n0nne
1334 1808 1437 1886 fuit?

481 1914 697 1989 Immodicis
717 1941 762 1991 ne
780 1926 818 1990 te
836 1916 991 1992 divexet
1010 1917 1134 2018 gloria
1152 1916 1273 2010 curie,

587 2020 693 2113 Quae
710 2024 817 2098 venit
835 2049 884 2098 ex
902 2024 1036 2100 merito
1054 2022 1198 2125 gloria,
1217 2033 1347 2122 sponte
1365 2023 1480 2099 venit.

482 2131 582 2204 Dum
599 2129 760 2205 nimium
778 2131 925 2206 studuit
944 2132 1062 2207 siculo
1080 2131 1265 2233 placuisse
1283 2132 1500 2224 Damocles,

589 2235 778 2312 Stultitiae
796 2237 920 2313 linerat
938 2238 1095 2314 victima
1113 2264 1207 2338 pene
1225 2263 1323 2313 suae.

483 2343 558 2418 Nec
575 2369 721 2444 semper
738 2345 923 2448 Zephyris
938 2347 1065 2446 cupies
1083 2346 1293 2422 ridentibus
1310 2344 1380 2438 uti,

504 2453 508 2458 ⁴
586 2452 784 2526 Instabiles
802 2479 929 2527 rerum
947 2455 1116 2528 conscius
1136 2478 1213 2528 esse
1231 2453 1344 2527 vices

488 2559 598 2634 Astra
617 2559 733 2633 etiam
753 2585 862 2635 caeca
879 2563 1104 2636 nebularum
1124 2572 1230 2636 nocte
1249 2568 1491 2660 premuntur,

587 2665 665 2742 Nec
683 2691 830 2766 semper
846 2667 957 2742 nitidi
973 2679 1144 2768 tempora
1161 2669 1263 2742 veris
1282 2677 1383 2742 eunt.

484 2773 616 2850 Gratia
633 2785 670 2848 te
689 2775 864 2870 quamvis
882 2777 997 2850 roseis
1015 2775 1223 2876 portaverit
1237 2775 1358 2848 ulnis:
1474 2813 1476 2818 v

589 2881 646 2956 Tu
664 2892 791 2956 tamen
808 2883 958 2957 adversi
975 2882 1155 2983 temporis
1173 2893 1251 2956 esto
1269 2905 1425 2955 memor.

486 2989 579 3066 Tam
598 2988 672 3063 cito
692 3015 767 3064 non
784 3003 915 3067 tenues
934 2988 1062 3067 fumus
1080 2989 1250 3066 vanescit
1266 2989 1307 3064 in
1325 3012 1456 3081 aurae,

590 3096 683 3171 Tam
703 3098 777 3172 cito
796 3124 870 3173 non
889 3098 994 3173 silvis
1013 3098 1169 3173 frondea
1187 3108 1286 3171 serta
1304 3098 1466 3171 cadunt:
1513 3120 1516 3125 ·

361 3274 364 3286 1
487 3205 618 3281 Gratia
635 3230 751 3299 quam
768 3207 957 3298 tumidae,
977 3206 1062 3303 quis
1081 3206 1218 3279 nescitl
1237 3204 1387 3281 mobilis
1406 3203 1514 3278 aulae
1534 3210 1605 3297 est,

591 3312 766 3408 Dumque
784 3313 881 3412 nihil
901 3317 1032 3388 credas
1050 3313 1189 3388 certius
1209 3336 1308 3405 esse,
1326 3309 1411 3386 fuit.

487 3420 599 3495 Attu
617 3418 811 3519 dispicieS,
829 3421 923 3517 quid
941 3432 977 3495 te
995 3420 1188 3518 sociosque
1206 3418 1372 3494 decebit:

593 3526 744 3620 Cetera,
761 3528 975 3626 permittes,
993 3554 1072 3603 sors
1091 3554 1158 3603 sua
1176 3538 1310 3602 cuncta
1327 3536 1447 3627 regat.

488 3632 590 3725 Quid
607 3634 714 3708 iuvat
730 3633 857 3709 inutili
875 3646 1005 3734 pectus
1023 3635 1230 3710 discindere
1247 3637 1368 3709 cura‘t

593 3741 696 3814 Haec
713 3742 812 3817 vires
831 3743 959 3842 gladio
977 3744 1096 3818 sumit
1114 3745 1162 3818 ab
1180 3742 1263 3841 ipsa
1281 3766 1358 3816 suo.

488 3848 578 3923 Esse
596 3848 702 3946 cupis
720 3846 845 3924 felix?
865 3847 1039 3926 fortunae
1058 3850 1167 3949 fidito
1185 3874 1316 3949 parce,
1379 3906 1382 3913 .

595 3954 708 4051 Sique
725 3956 849 4031 minus
867 3957 1005 4051 lateas,
1024 3956 1083 4036 fac
1101 3956 1255 4032 latuisse
1272 3955 1378 4031 velis.

488 4063 658 4159 Denique
677 4064 813 4139 cultior
830 4074 887 4139 cst
904 4065 1039 4167 grandi
1056 4064 1239 4165 patientia
1254 4073 1344 4138 voto

592 4171 862 4246 Deveneranda
878 4174 960 4247 tibi.
981 4172 1072 4272 Spes
1089 4176 1189 4273 bona
1207 4180 1343 4246 cuncta
1361 4169 1476 4245 dabit.
1522 4224 1525 4232 .

491 4278 640 4355 Subiice
656 4288 695 4352 te
712 4280 814 4353 coelo
833 4280 1028 4355 rutilantia
1044 4280 1121 4354 tela
1136 4278 1316 4354 minanti:

596 4385 768 4478 Vincito,
788 4388 880 4461 dum
897 4388 1052 4485 rapidus
1071 4387 1264 4487 sanguinis
1283 4394 1406 4461 aestus
1424 4384 1517 4485 agit.

491 4492 532 4569 Si
548 4492 625 4567 fors
643 4492 839 4568 blanditur
854 4494 979 4569 mollis
996 4492 1170 4586 fortuna,
1188 4497 1339 4591 recede,

594 4599 643 4674 Et
661 4600 798 4676 tacitus
815 4601 917 4693 ride,
935 4601 966 4674 si
984 4599 1121 4676 fremat
1139 4626 1244 4676 arma
1261 4601 1405 4676 minax.

493 4706 532 4783 Si
548 4707 695 4806 placeas
712 4719 844 4783 cautus
862 4710 1008 4802 credes,
1028 4710 1248 4811 sapiensque
1266 4706 1411 4803 favori,

499 4910 502 4915 Ι
597 4813 768 4913 Optima,
787 4816 819 4889 si
836 4815 979 4908 iaceas,
997 4817 1074 4893 otia
1092 4817 1215 4893 lentus
1234 4840 1334 4917 ages.

490 4920 682 5000 Laudibus
700 4924 876 4997 ornaris?
893 4925 1023 4998 laudes
1042 4925 1170 5000 audito
1187 4926 1375 5020 modeste,

595 5028 853 5129 Deprimeris‘l
873 5055 991 5106 curvo
1008 5033 1150 5107 flectito
1168 5032 1265 5107 colla
1282 5031 1386 5131 iugo.
