4084 6000
985 554 1059 627 102

376 763 381 770 ’
441 765 664 842 Vindicibus
685 767 793 843 vobis
812 776 913 842 stant
930 769 1034 868 leges
1053 768 1232 864 iuraque:
1251 793 1399 846 morum

546 873 646 948 Hinc
665 872 772 974 viget
791 874 1011 976 integritas,
1029 875 1119 974 hinc
1136 878 1236 951 bona
1254 873 1356 950 sama
1373 876 1486 952 venit.

441 980 599 1056 lamiam
617 981 780 1080 lapsuris
799 980 934 1057 fortem
953 1007 1163 1082 supponere
1182 984 1356 1058 dextram

546 1086 675 1164 Gloria
693 1091 797 1164 nullo
815 1115 890 1163 non
909 1101 1077 1190 tempore
1095 1102 1222 1167 vestra
1241 1089 1325 1166 fuit.

441 1195 541 1286 Quid
556 1194 731 1272 'stimulos
749 1221 955 1271 memorem
974 1200 1145 1273 admotos
1163 1197 1402 1273 virtutibus?
1423 1207 1505 1272 orta
1524 1209 1580 1273 est

362 1360 366 1368 .
432 1341 437 1355 =
549 1301 655 1378 Unde
672 1305 774 1378 salus
792 1305 963 1404 populis,
981 1308 1081 1379 unde
1100 1329 1262 1405 perenne
1281 1307 1407 1380 decus

439 1410 510 1485 Tot
526 1410 648 1485 titulis
665 1436 849 1512 magnum
866 1413 976 1488 vobis
993 1412 1231 1514 obstringitis
1250 1415 1396 1488 orbem:

545 1518 610 1610 Et,
629 1518 695 1614 qui
714 1518 767 1591 sic
787 1519 940 1595 meritos
960 1546 1033 1594 non
1052 1531 1271 1613 veneretur,
1290 1521 1390 1595 erit?

440 1627 598 1725 Impune
615 1625 688 1700 hoc
707 1627 803 1700 alter
818 1627 1049 1727 neglexerit:
1070 1640 1110 1702 at
1127 1648 1212 1702 mea
1229 1628 1325 1703 tales

545 1732 706 1807 Assidua
724 1732 839 1808 colito
856 1759 943 1808 cum
960 1736 1098 1834 pietate
1118 1734 1262 1836 chelys

441 1839 502 1914 Nil
521 1849 558 1913 te
576 1838 725 1914 Momus
742 1839 862 1933 iners,
880 1841 934 1914 nil
953 1845 1114 1916 mordax
1133 1841 1267 1943 lingua
1285 1851 1462 1916 moretur.
1539 1880 1542 1890 ·

545 1946 739 2038 InvenieS,
757 1948 877 2046 pietas
896 1973 990 2044 quos
1009 1950 1118 2024 iuvet
1136 1949 1226 2042 ista,
1244 1949 1357 2024 viros

443 2053 544 2145 Quin
562 2057 702 2153 pudeat
720 2055 861 2129 lentam
880 2056 991 2131 solito
1009 2057 1186 2132 desistere
1201 2081 1334 2148 cursu,

546 2162 647 2236 Dum
666 2187 766 2236 nova
782 2187 821 2236 se
840 2163 956 2237 lauris
974 2163 1107 2262 pandit
1126 2188 1239 2238 arena
1257 2163 1341 2239 tuis.

444 2268 610 2367 Aspicis,
628 2280 670 2347 ut
689 2271 884 2344 cumulent
901 2268 1087 2345 ferventia
1105 2249 1195 2345 vot⁶a
1213 2271 1375 2361 sodales,

548 2374 663 2467 Queis
680 2387 810 2468 tenera
827 2403 963 2452 nomen
982 2380 1028 2452 de
1046 2379 1185 2479 pietate
1204 2377 1339 2452 venit?

443 2483 644 2559 Laudibus
656 2496 698 2559 nt
715 2487 878 2585 flagrent
895 2485 1040 2584 palmas
1060 2511 1191 2560 ornare
1209 2488 1401 2576 decenteS,

551 2591 814 2685 Contulerant,
833 2593 1059 2686 Grosser,
1078 2617 1178 2690 quas
1189 2617 1289 2668 nova
1306 2603 1396 2667 vota
1413 2589 1515 2666 tibi?

445 2698 594 2774 Scilicet
611 2698 696 2791 ille,
715 2699 799 2797 piae
818 2697 914 2773 felix
932 2700 1133 2802 Cynosura
1149 2700 1318 2792 carinae,

551 2806 675 2905 Eripit
693 2819 827 2882 exacta
846 2807 1024 2883 fluctibus
1043 2819 1122 2884 arte
1140 2817 1271 2883 ratem.

448 2913 634 3016 Prospicit
651 2924 689 2988 et
706 2915 957 2989 ventos'velis
969 2916 1156 3013 remisque
1175 2913 1364 3012 faventes3

553 3021 681 3095 Evitat
699 3023 872 3121 scopulos
891 3048 1077 3120 caecaque
1096 3050 1190 3099 saxa
1209 3035 1325 3105 catus,

451 3129 554 3205 Haec
573 3130 671 3203 inter
688 3140 840 3229 superat
857 3155 984 3221 curas,
1004 3142 1043 3205 et
1061 3134 1156 3205 dura
1173 3130 1323 3205 viarum

553 3236 738 3329 Sustinet,
756 3249 871 3333 atque
889 3238 1036 3331 ubivis,
1055 3263 1122 3312 ceu
1142 3264 1263 3314 novus
1282 3239 1407 3338 Argus
1418 3294 1428 3329 ,
1439 3239 1560 3311 adest.

452 3345 483 3418 N
487 3370 558 3419 unc
577 3344 721 3417 animos
741 3344 867 3435 addit,
885 3345 1022 3419 nimios
1041 3370 1140 3419 nunc
1158 3340 1343 3445 temperat
1360 3356 1502 3437 aestus,
1527 3381 1530 3393 ·

553 3450 660 3525 Nunc
680 3451 804 3525 media
822 3452 993 3526 stimulat
1010 3478 1160 3527 currere
1180 3472 1367 3549 quemque
1385 3452 1459 3525 via.

450 3561 624 3654 Dumque
645 3556 749 3632 fovet
765 3560 939 3657 meritos,
958 3560 1131 3637 tristatur
1148 3561 1315 3663 praemia
1333 3559 1458 3661 dignis

552 3667 698 3740 Addere
717 3666 749 3739 si
768 3677 948 3761 nequeat,
967 3680 1065 3743 sorte
1084 3679 1254 3761 vetante,
1273 3666 1401 3764 viris.x
1429 3730 1430 3733 ,

448 3776 593 3850 Interea
610 3798 776 3873 semper,
795 3774 888 3869 quid
906 3800 991 3868 rex,
1010 3776 1103 3872 qnid
1121 3776 1243 3876 patria
1260 3777 1437 3875 poscant,

551 3881 727 3977 Votaque
745 3882 846 3955 dicta
863 3882 980 3982 polis,
998 3908 1061 3958 ore
1081 3883 1243 3959 disertus
1261 3884 1388 3957 habet.

447 3988 595 4090 Ergone
613 3989 798 4081 mirabor,
816 3990 960 4089 patriae
978 3990 1011 4065 si
1028 3992 1173 4067 lumina
1190 3989 1313 4090 prima

551 4097 780 4172 Convertant
796 4098 921 4172 radios
940 4100 989 4173 ad
1006 4098 1070 4197 pia
1087 4110 1211 4173 castra
1229 4099 1345 4172 suos?

348 4197 354 4201 ’
449 4203 487 4279 Si
506 4214 672 4303 promtas
690 4204 857 4278 animent
874 4204 975 4279 vires
991 4207 1040 4279 ad
1058 4206 1219 4304 praelia,
1239 4226 1370 4301 nequa

555 4313 804 4388 Praevaleant
823 4314 979 4404 flnctus,
999 4322 1093 4414 styx
1111 4314 1299 4405 violenta,
1317 4312 1411 4387 tui?¹

449 4419 487 4495 Si
505 4420 653 4520 magnis
673 4418 809 4494 animis
828 4420 941 4493 duros
958 4420 1119 4494 tolerare
1138 4422 1306 4513 labores,

491 4560 494 4564 ’
554 4528 836 4622 Contendatque
855 4552 962 4600 suam
980 4526 1141 4624 quisque
1159 4526 1286 4603 subire
1304 4528 1457 4602 vicem?

450 4635 517 4710 Est
535 4634 683 4730 aliquid
700 4632 818 4708 musis
837 4634 956 4708 iustos
974 4636 1063 4711 dare
1080 4634 1204 4710 thuris
1223 4636 1406 4727 honores,

552 4741 618 4819 Est
636 4741 780 4838 aliquid
797 4739 975 4839 Daphnes
992 4743 1242 4841 promeruisse
1261 4768 1387 4817 novas.
1497 4803 1501 4811 .

448 4849 580 4951 Aegris
599 4874 648 4923 ex
668 4848 802 4924 animis
819 4849 958 4924 blando
976 4874 1038 4923 ore
1057 4850 1193 4951 fugare
1212 4852 1398 4926 tumultus

552 4956 600 5034 Et
618 4956 863 5033 consternatis
881 4982 965 5057 spes
984 4982 1273 5034 revocaresuas.
