4084 6000
1010 561 1058 638 38

453 778 557 854 Haec
571 776 672 852 tibi
688 801 837 876 semper
855 786 957 868 erat,
974 777 1148 876 praesul,
1175 801 1299 868 mene,
1327 777 1388 852 hic
1408 779 1506 856 tibi
1525 800 1665 878 serm03

559 885 641 958 Hoc
660 909 838 984 properas
856 884 974 957 musis
994 885 1225 959 consuluisse
1243 877 1366 959 mode.
1402 909 1405 916 ·

454 995 503 1068 Et
521 996 626 1067 bene.
646 991 843 1065 Musarum
860 1001 1011 1064 tantum
1036 1003 1279 1066 monumenta
1297 1003 1514 1091 perennant.

561 1101 605 1173 Id
622 1123 711 1172 vere
729 1098 883 1190 rutilat,
902 1099 1004 1193 quod
1022 1099 1128 1172 venit
1145 1100 1231 1174 inde
1251 1103 1373 1174 decus.

454 1208 628 1306 Augusto
648 1204 791 1280 decoris
810 1207 895 1304 plus
914 1206 1040 1279 Flacci
1059 1216 1097 1279 et
1114 1233 1223 1281 musa
1242 1207 1423 1300 Maronis,

561 1312 684 1403 Quam
702 1313 826 1405 tituli,
844 1311 984 1405 fasces,
1002 1323 1120 1408 tuque
1139 1315 1351 1416 triumphe,
1371 1317 1497 1390 dabas.

454 1420 506 1496 Hi
525 1419 681 1520 fugiunt
700 1419 807 1494 fumo
827 1420 966 1494 similes
988 1437 1193 1517 somnoque
1211 1422 1375 1520 volucri,

559 1529 715 1602 Illorum
733 1553 881 1626 semper
899 1526 1001 1602 fama
1018 1540 1205 1629 superstes
1226 1529 1307 1605 erit.

455 1635 1393 1734 TalemteVarad,talemRosnaviavidit3

558 1741 667 1817 Nunc
685 1742 823 1834 alium,
842 1743 1013 1840 praesul,
1032 1753 1078 1818 te
1098 1742 1177 1818 fore
1196 1743 1294 1818 forte
1313 1747 1473 1842 putem‘?

453 1849 584 1925 Latius
603 1859 643 1922 at
661 1849 784 1922 medio
803 1848 984 1924 diffundis
1002 1851 1154 1928 Phoebe
1174 1853 1315 1926 calores

560 1956 691 2033 Coelo:
710 1957 795 2055 plus
813 1956 905 2030 rivis
923 1958 1082 2032 fiumina
1099 1969 1209 2033 vasta
1227 1969 1388 2050 tument,

454 2065 584 2141 Talem
601 2076 648 2139 te
665 2064 840 2138 iuvenem
858 2065 1033 2164 suspexit
1050 2068 1199 2158 Leve,
1218 2091 1285 2140 nec
1303 2067 1384 2142 istis

559 2172 663 2246 Haec
680 2171 803 2246 virtus
822 2173 987 2247 tenebris
1006 2199 1136 2272 pressa
1155 2175 1307 2266 latebit,
1327 2174 1390 2247 ait.

453 2280 534 2354 Iam
552 2279 680 2354 veniet
700 2271 815 2377 patrii
839 2305 922 2377 spes
940 2281 1030 2354 oleri
1049 2292 1087 2354 et
1105 2281 1248 2380 gloria,
1268 2281 1453 2378 Kon'de3
1500 2313 1502 2320 ’

559 2386 608 2461 Et
626 2386 790 2478 meritis,
808 2386 1040 2481 Laicstk,
1059 2387 1225 2488 praemia
1245 2385 1361 2488 digna
1380 2386 1488 2462 feres.

455 2495 614 2570 Conchis
633 2520 786 2594 gemma
802 2495 912 2586 latet,
930 2495 1143 2595 praeruptis
1163 2495 1353 2569 montibus
1373 2518 1528 2591 aurum,

559 2602 630 2676 Illa
646 2613 774 2676 tamen
794 2603 958 2676 tenebris
977 2614 1086 2678 eruta
1104 2614 1253 2702 sceptra
1270 2613 1409 2676 tenent.

453 2710 590 2810 Augur
608 2717 691 2782 erat
708 2735 847 2812 verax:
868 2711 1012 2808 patriae
1031 2735 1129 2786 nune
1148 2710 1342 2810 plausibus
1362 2709 1490 2805 aequis

559 2818 688 2892 Leva
705 2817 820 2891 etiam
839 2819 993 2917 plausus
1013 2819 1168 2919 iungere
1187 2819 1286 2898 laeta
1305 2818 1419 2919 cupit,
1500 2837 1507 2844 “

1025 3011 1048 3071 *i
1099 3086 1103 3093 .
1240 3086 1243 3095 t

896 3092 917 3134 a
984 3144 991 3151 ,
1154 3095 1175 3137 r

455 3248 506 3323 At
523 3257 566 3320 tu
586 3245 661 3320 iam
680 3256 786 3321 tanto
805 3247 1029 3321 Varadin
1046 3272 1122 3320 um
1140 3248 1311 3344 praesule
1330 3248 1454 3339 dives,

562 3353 683 3445 Quem
702 3366 769 3429 tua
787 3354 884 3444 (dic)
903 3364 1057 3428 noscent
1076 3355 1216 3455 gaudia
1234 3378 1393 3453 spesque
1410 3356 1612 3431 modum‘l'

455 3467 540 3539 Pax
559 3472 597 3536 et
617 3465 742 3554 amor,
762 3462 932 3535 doctrina
950 3472 1103 3560 patene,
1123 3462 1341 3553 elementia,
1360 3463 1499 3537 candor

562 3570 675 3645 Ecce!
695 3570 754 3643 tui
772 3568 914 3667 stipant
932 3569 1115 3667 praesulis
1135 3592 1256 3665 usque
1273 3571 1385 3645 latus.

457 3680 598 3755 Tantae
617 3676 779 3751 virtutes
798 3675 908 3773 plena
925 3676 997 3750 tibi
1015 3677 1097 3750 luce
1116 3678 1325 3777 refulgent:

524 3823 527 3832 ¹
563 3786 767 3884 Tempora,
787 3782 864 3855 fors
883 3783 1055 3875 dubitaS,
1073 3782 1199 3859 fausta
1216 3785 1351 3859 venire
1363 3784 1463 3861 tibi‘?
1573 3804 1576 3815 '

458 3895 530 3969 Ter
550 3892 644 3967 felix
662 3890 821 3965 laetare!
840 3892 996 3988 piasque
1015 3893 1063 3965 ad
1082 3891 1204 3965 sidera
1220 3894 1364 3992 palmas
1378 3886 1398 3985 ,'

564 4000 731 4079 Pectoris
751 3998 917 4076 ardentis
937 4001 1114 4100 symbola
1132 4009 1264 4099 grata,
1278 3998 1377 4075 'leva
1444 4030 1447 4035 ·
1509 4022 1515 4036 '
1564 3992 1578 4025 ⁵

458 4112 508 4186 Et
526 4121 610 4210 pete
630 4115 819 4181 nestoreos
837 4106 980 4205 pastori
997 4104 1139 4208 iugiter
1157 4134 1293 4183 annos:
1585 4206 1590 4216 1

564 4217 613 4291 Et
630 4215 750 4315 pietas
768 4215 861 4287 haec
880 4225 946 4306 te,
964 4216 1116 4313 praesul
1134 4222 1278 4307 amate,
1296 4216 1411 4290 iuuet.
1538 4232 1541 4239 '
1562 4232 1569 4239 '

460 4328 628 4419 Cumque
648 4334 758 4396 tuos
776 4321 944 4420 placido,
962 4325 1134 4421 praesul,
1154 4324 1358 4423 dignabere
1376 4314 1509 4413 vultu,

548 4427 1624 4531 .FaeDebrecinaesisOsekyBakbquesoholae.

461 4540 495 4614 N
496 4566 543 4613 on
561 4539 684 4614 minor
701 4538 800 4611 hanc
817 4538 937 4637 pietas
957 4540 1005 4610 ad
1023 4549 1069 4612 te
1088 4550 1126 4612 et
1143 4540 1354 4613 reverentia
1372 4528 1495 4635 ducit,

566 4646 649 4721 Non
666 4646 811 4739 minus,
829 4655 874 4721 ut
891 4645 1065 4721 manibus
1079 4646 1189 4722 ⁴basia
1205 4646 1322 4749 figat,
1341 4636 1438 4719 avet.
1571 4692 1574 4703 ι

460 4753 542 4830 Non
561 4754 685 4829 minus
705 4762 863 4853 exoptat
880 4752 988 4826 iussis
1007 4748 1138 4854 parere
1157 4754 1351 4853 benignis,
1485 4772 1487 4777 ·

565 4863 647 4944 Non
667 4858 1015 4938 minusexclamat:
1035 4862 1132 4936 Vive
1150 4862 1309 4955 valeque
1328 4860 1410 4934 diul
