4084 6000
1021 646 1069 722 88

939 759 1150 775 Ἠπ-

464 861 637 936 Forsitan
655 869 691 934 et
710 884 859 934 mecum
876 861 1042 957 loqueris
1060 886 1127 960 per
1145 863 1309 956 somnia,
1327 874 1438 960 teque

568 967 776 1066 Deceptum
795 967 981 1067 evigilans
1000 993 1110 1068 saepe
1130 966 1243 1044 fuisse
1263 971 1375 1044 doles.

464 1075 567 1167 Quid
584 1075 632 1147 sit
650 1099 756 1148 amor
772 1075 909 1167 nescit,
928 1075 996 1170 qui
1014 1075 1093 1149 eius
1111 1077 1319 1173 praesentia
1338 1079 1501 1152 flammis

568 1181 651 1256 Non
669 1180 819 1255 divulsa
836 1180 949 1257 simul
966 1185 1081 1256 corda
1098 1182 1240 1279 liquere
1259 1195 1377 1283 putat.

464 1287 648 1365 Abfuerat
665 1287 762 1362 Naso
781 1288 913 1388 geticis
931 1290 1063 1388 procul
1082 1290 1173 1362 exul
1191 1290 1230 1364 in
1249 1291 1343 1389 orie,

568 1396 636 1469 Ille
654 1405 779 1469 tamen
798 1395 943 1493 patriae
961 1395 1068 1470 flevit
1085 1420 1212 1470 amore
1231 1423 1330 1472 suae.

464 1501 650 1577 Ablueras
668 1502 834 1594 Damon,
853 1527 920 1602 pro
939 1526 1013 1598 que
1032 1507 1117 1601 pius
1135 1503 1199 1576 ille
1219 1506 1376 1596 sedulia,

572 1607 647 1700 Qui
664 1619 702 1682 te
721 1609 833 1700 arsit,
851 1620 1010 1683 mortem
1030 1621 1200 1708 promtus
1219 1611 1323 1686 obire
1343 1611 1427 1686 suit.

463 1717 672 1807 AbsumuS,
690 1726 729 1788 at
747 1716 862 1789 nostri
880 1728 1049 1790 crescunt
1068 1716 1238 1791 incendia
1257 1718 1398 1814 cordia,
1518 1793 1519 1798 ,

567 1822 738 1897 Crescere
756 1834 799 1897 nt
817 1821 939 1898 affusa
957 1824 1111 1898 Pallade
1129 1826 1282 1898 flamma
1300 1826 1402 1900 solet.

462 1930 616 2025 Iamque
635 1929 742 2024 quies
761 1929 897 2021 animi,
915 1929 992 2004 iam
1011 1930 1138 2005 dulcia
1155 1931 1300 2004 somnia
1318 1932 1515 2027 linquunt,

566 2036 617 2111 Te
636 2035 715 2110 sine
731 2036 808 2110 iam
826 2036 955 2128 nobie,
974 2037 1112 2128 sentin,
1131 2036 1239 2110 dulce
1257 2038 1364 2112 nihil.

463 2142 563 2232 Quid
582 2141 748 2216 faciam?
769 2144 928 2243 cingunt
945 2143 1056 2216 multi
1074 2169 1133 2218 me
1153 2167 1261 2242 saepe
1280 2145 1445 2236 labarae,

565 2248 613 2322 Et
631 2249 788 2348 cupiunt
807 2261 973 2348 promtas
992 2250 1082 2341 iste,
1104 2251 1164 2323 vel
1183 2249 1246 2324 ille
1265 2277 1409 2325 manus,

465 2356 695 2456 Adgrediar,
712 2368 933 2451 tenerasque
951 2381 1046 2431 voco
1065 2382 1132 2455 per
1150 2356 1273 2432 sidera
1292 2383 1436 2450 musas,

566 2461 782 2539 Adveniunt
799 2488 948 2560 musae,
967 2466 1032 2538 sed
1051 2463 1147 2537 mihi
1166 2461 1292 2538 fervor
1309 2465 1400 2540 abit.

462 2569 606 2644 Fervor
623 2569 730 2663 abit,
742 2573 899 2644 redeunt
916 2595 1050 2661 curae,
1067 2573 1299 2667 redeuntque
1316 2573 1481 2662 dolense,
1502 2602 1505 2615 1

566 2677 645 2751 Hos
662 2702 730 2776 pro
747 2688 785 2751 te
804 2677 932 2769 socios,
950 2677 1106 2752 candide
1125 2679 1246 2769 Petre,
1266 2678 1357 2753 cole.

463 2781 510 2856 Et
529 2783 617 2857 licet
635 2782 708 2858 hoc
726 2795 876 2883 pectuS,
894 2809 962 2858 ceu
979 2809 1146 2875 vermeS,
1166 2782 1312 2859 fortiter
1331 2789 1462 2884 edant,

565 2891 649 2988 Ipse
667 2900 793 2965 tamen
813 2890 949 2991 vigiles
967 2916 1113 2991 semper
1130 2891 1269 2965 habere
1288 2893 1385 2966 vole.

464 2994 612 3072 Scilicet
629 2997 686 3071 illi
702 3010 740 3073 te
758 3000 925 3098 cupienti
942 3002 1096 3073 reddere
1115 3010 1272 3091 nerunt,

564 3102 685 3195 Quem
704 3105 850 3206 superi,
868 3107 999 3198 telluS,
1018 3132 1132 3201 quem
1150 3118 1264 3205 negat
1283 3109 1385 3180 unda
1404 3108 1510 3181 mihi.

461 3211 512 3286 Te
530 3237 644 3303 voco,
663 3214 755 3287 dum
772 3225 949 3313 properat
968 3213 1081 3287 roseis
1101 3237 1234 3287 aurora
1253 3214 1468 3312 quadrigis,

509 3413 513 3419 .
567 3319 617 3394 Te
636 3344 750 3412 voce,
769 3323 861 3395 dum
878 3322 1051 3395 tenebras
1069 3344 1203 3418 vesper
1221 3323 1347 3394 adesse
1366 3320 1480 3394 iubet.

464 3425 580 3525 Saepe
600 3425 695 3501 citus
713 3428 887 3527 gradior,
906 3426 1013 3524 quasi
1031 3436 1170 3526 postte
1189 3452 1337 3501 currere
1356 3428 1512 3501 vellem:

566 3533 617 3608 Te
634 3534 741 3608 velut
758 3545 962 3633 expectans
981 3559 1088 3632 saepe
1107 3536 1257 3609 retardo
1276 3535 1418 3633 pedes·
1440 3563 1443 3571 ¹

460 3643 571 3719 Petre,
586 3641 692 3714 veni!
711 3641 854 3733 clame,
871 3652 996 3717 tecum
1014 3662 1098 3713 mea
1116 3640 1257 3740 gaudia
1275 3642 1433 3737 distant,

565 3747 617 3822 Ut
634 3750 789 3822 redeant
807 3759 932 3822 tecum
949 3747 1109 3847 gaudia,
1129 3749 1237 3823 Petre
1255 3748 1361 3823 veni!
1443 3802 1447 3813 »

464 3853 536 3929 Sed
555 3852 695 3929 frustra
713 3855 855 3946 clamo,
873 3854 987 3928 miser
1004 3855 1073 3928 ahl
1092 3879 1166 3929 non
1185 3855 1318 3929 audior
1335 3856 1422 3952 ulli,

564 3961 670 4059 Ipsa,
689 3962 782 4035 alias
799 3962 903 4036 Echo
921 3961 1076 4062 garrula
1093 3962 1286 4062 nympha,
1305 3973 1414 4036 tacet.

459 4066 553 4143 Fata
571 4068 666 4143 mihi
684 4069 820 4143 misero
839 4069 999 4143 nimium
1017 4069 1185 4143 crudelia
1203 4066 1281 4156 fata
1292 4124 1305 4159 ,.

563 4174 707 4267 Dicite,
726 4175 818 4270 quid
836 4185 960 4250 noster
977 4201 1045 4250 vos
1063 4175 1169 4251 iuvat
1188 4174 1258 4248 iste
1277 4176 1414 4251 dolor?

461 4283 599 4359 Odistis
618 4292 765 4358 nostrae
785 4282 961 4358 si‘forsan
978 4283 1139 4357 stamina
1158 4282 1279 4373 vitae,
1383 4348 1386 4355 .

563 4390 730 4465 Arbitrio
747 4391 855 4467 vobis
874 4415 1048 4488 rumpere
1066 4414 1171 4487 posse
1191 4388 1302 4464 stetit.
1436 4451 1440 4460 s

459 4498 525 4573 Sin
542 4497 687 4589 minue,
704 4496 763 4571 eia
781 4524 907 4572 meum
925 4496 1021 4582 mihi
1039 4496 1181 4570 reddite
1200 4494 1279 4570 fata
1297 4497 1482 4587 sodalem,

565 4604 645 4679 Vix
663 4604 795 4679 melior
813 4605 888 4680 leto
906 4629 982 4698 quo
1001 4603 1079 4679 sine
1098 4603 1178 4677 vita
1196 4603 1291 4678 mihi
1310 4614 1375 4678 est.
1446 4652 1449 4657 ·

460 4712 508 4787 Et
527 4709 678 4786 facitis?
699 4713 761 4786 vel
779 4738 869 4786 cura
886 4711 960 4784 mei
977 4724 1045 4785 vos
1064 4711 1168 4786 nulla
1186 4708 1353 4810 fatigat?

564 4818 612 4893 lt
629 4818 726 4892 mihi
744 4843 859 4915 quam
876 4818 985 4892 dulce
1003 4828 1059 4892 est
1076 4817 1148 4891 hoc
1166 4816 1206 4891 in
1225 4841 1350 4893 amore
1369 4818 1481 4891 mori!

459 4926 636 5025 Rumpite
655 4923 788 5000 fatales
806 4951 890 4999 mea
906 4925 1069 5023 rumpite
1088 4923 1154 4999 fila
1173 4923 1334 4999 sorores!

567 5033 714 5112 Salvete
732 5032 845 5136 elysii
863 5032 1011 5109 limina!
1031 5032 1111 5106 vita
1128 5031 1231 5105 vale!
1252 5104 1254 5109 ,
1273 5080 1275 5087 <
1351 5122 1354 5131 Ι

929 5213 1140 5227 ὴ*
