4084 6000
999 646 1076 722 178

399 866 473 941 Seu
491 863 643 953 castris,
661 861 838 968 Bellona,
856 859 950 954 tuis,
970 886 1037 935 seu
1054 861 1221 936 Palladis
1240 862 1368 960 ampla

396 973 500 1047 Inter
517 969 708 1072 perpetuis
726 968 843 1042 lauris
862 979 993 1044 ornata
1012 968 1144 1042 vireta.

301 1086 304 1099 '
397 1081 475 1155 Aut
492 1081 611 1154 iustas
629 1075 821 1151 Themidis
839 1075 963 1150 lances
982 1075 1177 1151 librando:
1196 1075 1341 1151 decoris

396 1186 549 1262 Virtute
567 1196 605 1260 et
622 1181 765 1259 meritis
784 1185 982 1258 statuendo
1001 1182 1190 1280 praemia3
1207 1207 1365 1283 poenas,

396 1293 451 1370 Ut
469 1317 659 1384 meruere,
678 1290 751 1365 reis
769 1290 965 1383 dictando,
983 1290 1137 1390 publica
1155 1291 1282 1390 regnis

398 1401 459 1477 Sic
477 1403 667 1498 quondam
685 1409 724 1473 et
741 1399 890 1497 populis
910 1396 1057 1471 facturo
1077 1399 1292 1490 commoda,
1310 1398 1455 1499 virtuS,

396 1509 492 1602 Fac,
510 1509 585 1582 late
604 1515 740 1606 regnet
758 1503 988 1580 iuvenilibus
1006 1506 1157 1579 aemula
1174 1503 1300 1580 fibris,

396 1605 398 1609 ⁸
504 1615 608 1688 Haec
625 1613 759 1714 genuit
776 1613 938 1688 celebres
958 1612 1051 1688 olim
1068 1612 1160 1705 tibi,
1177 1613 1315 1704 Roma,
1333 1611 1558 1710 triumphos.

397 1722 501 1796 Haeo
520 1721 779 1812 Cincinnatos,
798 1719 1007 1819 Scipiones,
1026 1731 1139 1816 atque
1157 1720 1339 1795 Metellos.

397 1829 616 1928 Pompeios,
634 1827 774 1902 Marios
792 1828 1037 1903 celeberrima
1054 1827 1208 1902 nomina
1225 1828 1428 1924 quondam.

396 1936 500 2011 Haec
519 1938 650 2012 eadem
669 1935 840 2009 accendit
857 1946 948 2027 tua,
963 1934 1085 2025 Tulli,
1103 1946 1256 2034 pectora
1274 1936 1402 2010 lumen

397 2042 635 2141 Verbosique
655 2041 729 2116 fori
747 2025 871 2117 decue.
892 2043 941 2118 Et
959 2067 1027 2116 vos
1045 2043 1198 2136 Flacoe,
1217 2042 1420 2138 Maroque,

397 2151 567 2227 Deliciae
585 2150 730 2227 Phoebi
749 2160 786 2223 et
804 2149 1058 2250 pulcherrima
1075 2150 1200 2249 gloria
1217 2150 1349 2244 Pindi,

396 2259 500 2332 Haec
519 2257 614 2332 ussit
632 2256 779 2331 facibus
798 2257 923 2332 sacris.
944 2257 1044 2331 Hinc
1062 2257 1135 2330 rite
1153 2257 1316 2332 calentes
1422 2320 1426 2332 .

399 2365 577 2441 Protinus
595 2375 641 2439 ut
657 2364 781 2439 virtus
800 2364 893 2439 haec
912 2389 980 2438 vos
998 2364 1280 2457 sibi-vindicat,
1299 2390 1429 2457 omne,

399 2471 510 2563 Quod
529 2472 671 2572 vulgus
689 2470 873 2570 trepidat,
891 2496 1121 2572 magnorum
1140 2474 1237 2547 dura
1253 2472 1439 2547 laborum⁴

396 2579 557 2655 Vincere
576 2581 763 2654 constanti
781 2579 868 2654 nisu
886 2578 1096 2654 decernitis.
1116 2578 1207 2654 Inde

397 2687 547 2763 Solibus
567 2687 727 2762 assiduis
745 2687 884 2788 vigiles
903 2686 1112 2787 adiungere
1131 2686 1261 2784 lunas3

395 2795 529 2870 Martis
548 2795 652 2869 adire
670 2795 772 2868 vices
791 2794 946 2892 dubias3
965 2818 1176 2893 supponere
1194 2793 1308 2894 lapsis

397 2902 580 2998 Brachia,
599 2901 787 2994 consiliis,
806 2902 963 2995 animis,
979 2902 1139 3000 telisque
1158 2901 1323 2977 cruentis

397 3011 599 3086 Adflictam
619 3010 762 3110 patriae
780 3020 919 3085 sortem
937 3011 1107 3085 relevare
1124 3010 1258 3110 parati.

397 3119 500 3193 Haec
519 3120 651 3193 eadem
668 3118 791 3192 virtus
810 3130 957 3193 veteres
976 3117 1143 3193 animare
1161 3117 1343 3218 Pelasgos

399 3227 575 3317 Promta,
593 3250 709 3300 manu
727 3226 839 3301 nivea
857 3226 1072 3324 praecinxit
1089 3236 1262 3326 tempora
1279 3227 1387 3301 lauro

395 3333 574 3425 Illorum,
593 3342 630 3405 et
648 3332 793 3432 palmas
813 3334 957 3407 eunctis
976 3335 1221 3432 praetendere
1239 3329 1351 3407 iussit
1444 3381 1447 3389 ·

394 3440 537 3540 Regnis
557 3448 595 3513 et
613 3437 784 3538 populis,
803 3465 878 3536 quo
897 3440 1043 3540 possint
1061 3440 1229 3516 Palladis
1247 3464 1377 3515 omnes

395 3547 618 3622 Excoluisse
637 3557 736 3622 artes
754 3547 918 3647 vestigia
936 3573 1074 3648 graeca
1092 3550 1306 3647 premendo.

396 3655 673 3755 Thermopylas
692 3656 853 3754 pariter,
872 3660 1015 3754 pariter
1033 3655 1259 3756 Marathona
1277 3678 1457 3753 perennes

395 3762 574 3838 Reddidit
592 3763 686 3837 haec
704 3762 846 3837 virtus:
867 3776 905 3837 et
923 3772 966 3837 tu
986 3763 1178 3839 Salamina
1196 3762 1391 3861 triumpho
1520 3825 1523 3830 ,

397 3870 507 3947 Clara
525 3870 787 3945 Themistoclis
806 3896 874 3971 per
892 3872 1041 3945 saecula
1059 3882 1196 3946 cuncta
1214 3869 1376 3971 vigebis.

800 4188 999 4294 Exonplun
1024 4151 1271 4273 llenlslorlts

505 4403 666 4479 Vixerat
684 4404 830 4479 invisus
849 4406 1051 4505 patrihic,
1070 4406 1160 4506 quia
1177 4407 1332 4480 vixerat
1350 4402 1487 4510 exlex,

400 4511 450 4589 Et
468 4512 650 4586 iuvenum
668 4512 772 4586 vitiis
791 4513 877 4613 plus
896 4539 1012 4611 quam
1031 4513 1121 4589 satis
1141 4514 1267 4594 ebrius
1286 4535 1403 4587 annos

400 4622 482 4696 Iam
500 4645 617 4720 prope
634 4619 694 4695 bis
713 4622 848 4695 denos:
868 4646 955 4714 nec,
974 4646 1050 4717 quo
1069 4646 1137 4696 sua
1154 4624 1304 4701 flectere
1322 4620 1480 4722 posthac

402 4726 499 4804 Vela
516 4739 651 4823 queat,
669 4739 805 4805 certus.
824 4728 1112 4825 Necquidquam
1130 4739 1233 4803 tecta
1249 4740 1407 4828 paterna

403 4835 573 4934 Supplex
592 4837 762 4928 accedat,
780 4835 912 4935 patriis
931 4860 1021 4910 nam
1039 4836 1212 4911 censibus
1229 4836 1354 4937 ipsum

403 4942 573 5019 Exuerat
590 4942 751 5042 genitor.
769 4942 866 5035 Nec,
885 4944 1062 5039 quamvis
1081 4957 1259 5041 quaerat,
1277 4941 1435 5019 habebit
1491 4998 1497 5003 .

404 5050 608 5142 Patronus,
626 5074 739 5147 quem
757 5050 983 5126 dedecorant
1000 5050 1138 5126 delicta
1153 5052 1344 5130 iuventae.
