4084 6000
998 656 1070 746 ros

924 765 1133 776 nac——

989 974 1072 1050 VII.

432 1124 484 1192 Ad
503 1125 671 1201 Jourrccm
687 1121 784 1208 liupr.
803 1130 1000 1197 (inesses,
1017 1123 1211 1193 aetolorum
1228 1126 1359 1210 pirrum
1374 1127 1635 1211 provisuram,

846 1229 902 1294 dic
918 1228 1066 1298 eusdem
1085 1231 1204 1299 umuli.

400 1372 611 1483 instaurate
630 1401 730 1474 diem
749 1399 869 1491 votiS,
887 1425 1118 1499 superosque
1134 1403 1294 1500 precati,

398 1509 505 1600 Huc,
524 1510 620 1598 duce
634 1533 722 1598 me,
739 1506 914 1598 iuvenes,
931 1532 1111 1607 properos
1129 1509 1205 1583 huc
1223 1508 1362 1583 flectite
1380 1513 1550 1610 gressus!

398 1618 474 1688 Ista
492 1614 570 1688 dies
590 1614 685 1687 raris
703 1613 839 1687 merito
857 1615 1142 1708 adnumeranda
1160 1614 1314 1707 diebuS,

312 1769 315 1775 ·
398 1722 446 1795 Et
464 1746 587 1794 cressa
605 1719 789 1820 signanda
807 1730 897 1794 nota
914 1731 989 1817 est,
1008 1721 1107 1796 hanc
1124 1733 1215 1796 vota
1232 1725 1410 1820 petebant

399 1829 555 1919 Nostra,
573 1827 667 1915 haec
685 1827 816 1902 votivo
835 1828 1059 1902 celebranda
1077 1839 1134 1902 est
1152 1829 1317 1904 carmine
1335 1830 1454 1912 nobis.

505 1936 584 2027 Ista
593 1933 674 2032 piis
691 1934 763 2023 lux
781 1931 905 2008 fausta
923 1933 1081 2026 scholis,
1098 1935 1169 2016 lux
1189 1933 1314 2009 fausta
1332 1937 1494 2010 camenis

400 2039 591 2140 Affulget,
609 2050 718 2140 grato
737 2065 907 2114 recreans
924 2041 989 2139 pia
1008 2041 1152 2119 lumine
1169 2043 1303 2132 corda,
1543 2113 1546 2124 ,

402 2149 567 2246 Spesque
585 2157 708 2239 ratas,
726 2145 945 2242 fructusque
965 2145 1090 2240 fovet,
1109 2174 1229 2244 quum
1247 2147 1375 2224 debita
1393 2149 1518 2238 coelo,
1546 2205 1548 2214 .
1570 2198 1573 2207 -
1602 2202 1606 2221 .
1681 2172 1685 2181 ·

401 2256 450 2328 Et
467 2249 618 2355 patriae
631 2254 754 2352 promi
772 2254 892 2336 cernit
909 2278 977 2343 sua
993 2254 1065 2328 rite
1083 2255 1240 2330 tribute.

404 2362 507 2435 Haec
525 2361 597 2435 tibi
615 2360 772 2451 natalis,
789 2385 937 2459 praeses
956 2361 1190 2454 dulcissime,
1208 2360 1317 2436 nobis

402 2469 469 2542 Est
486 2468 611 2568 potior
627 2467 798 2566 propria:
817 2468 911 2562 quid
923 2468 1063 2542 enim?
1082 2493 1159 2564 qua
1177 2467 1367 2542 nascimur
1384 2493 1515 2542 omnes

404 2577 509 2650 Sorte
527 2585 655 2649 movet
673 2573 847 2648 lacrimas
865 2575 1085 2650 meditanti:
1105 2576 1248 2667 nudae,
1266 2586 1304 2650 et
1321 2574 1456 2674 impos,
1520 2633 1524 2638 .
1549 2619 1552 2628 ·
1572 2615 1578 2630 ι

403 2681 570 2757 Provida
588 2679 752 2762 defuerit
769 2681 801 2754 si
819 2692 983 2759 matrum
1003 2683 1162 2775 dextra,
1181 2679 1332 2762 futurae

405 2792 564 2864 Prorsus
583 2784 690 2885 inops
700 2788 810 2871 ‚vitae
828 2788 990 2883 quisque
1007 2788 1083 2880 est,
1102 2800 1140 2864 et
1159 2788 1269 2888 signa
1286 2789 1426 2865 doloris
1570 2863 1572 2870 Α

404 2895 561 2969 Nonnisi
577 2894 714 2994 vagitu
731 2895 890 2989 querulo
907 2894 976 2968 vix
994 2920 1164 2993 promere
1182 2920 1335 2994 gnarus.
1380 2948 1382 2963 .
1472 2965 1476 2978 ,
1522 2937 1525 2944 ·
1585 2943 1587 2951 2

406 3003 445 3077 Si
462 3002 592 3094 vivas,
610 3003 756 3094 valeas,
772 3014 910 3101 vegeto
929 3002 961 3075 si
972 3026 1132 3101 ,corpore
1151 3015 1335 3101 praesteS,
1433 3064 1434 3073 ,

407 3108 606 3184 Nutricum
624 3112 724 3185 bona
741 3134 833 3183 cura
850 3108 952 3193 facit.
980 3107 1082 3199 Quid
1100 3111 1256 3211 postea?
1276 3134 1416 3183 cresces

405 3216 605 3306 Rusticus,
618 3218 737 3311 atque
755 3214 835 3289 fera
852 3215 1213 3305 crescesimmanior
1230 3217 1343 3289 omni.

407 3323 537 3396 Mitior
553 3334 597 3397 ut
614 3323 724 3395 vivas
742 3333 779 3395 et
797 3323 899 3396 culto
917 3330 1089 3420 pectore,
1104 3322 1222 3422 gnavi
1296 3397 1300 3407 ,
1322 3342 1338 3405 ,·

408 3430 587 3503 Mentoris
605 3439 679 3502 est:
698 3428 838 3503 isthinc
856 3453 1058 3528 generosos
1078 3429 1197 3507 cernis
1214 3427 1399 3520 Achilles,

410 3536 493 3610 Non
511 3535 737 3629 timidosque
755 3535 851 3622 mori
869 3535 1028 3627 CodroS,
1046 3537 1158 3610 modo
1177 3537 1283 3612 salva
1299 3548 1477 3635 perennet

409 3639 556 3718 Patria:
576 3666 725 3738 quaque
744 3640 836 3715 foris
853 3645 1074 3717 moderatur
1090 3642 1392 3734 NestoracutuS,
1413 3712 1415 3720 .

409 3750 460 3824 Et
477 3770 545 3823 sua
562 3747 731 3823 iustitiae
747 3773 824 3844 qua
842 3749 1002 3845 denique
1019 3749 1136 3823 thura
1152 3750 1330 3843 litantur,

411 3856 538 3932 Gloria
557 3855 763 3932 Chironum
782 3866 848 3929 est.
867 3855 974 3931 Nunc
993 3868 1135 3951 quanta
1152 3867 1226 3947 est,
1244 3882 1393 3955 praeses
1411 3868 1556 3947 amate,
1576 3924 1579 3933 .

413 3965 511 4037 Laus
528 3962 621 4054 tibi,
640 3987 715 4035 non
732 3973 901 4054 tantum,
919 3962 1056 4037 teneris
1074 3960 1165 4058 quia
1183 3973 1285 4042 totus
1303 3963 1465 4037 alumnis

383 4081 385 4088 “
417 4068 578 4162 Vixisti,
598 4069 727 4142 sollers
746 4071 937 4165 quondam
955 4079 1155 4168 praecepta
1173 4070 1305 4145 salutis

412 4177 617 4275 Praecipue
635 4174 846 4267 inculcans,
864 4176 1004 4250 solidae
1025 4201 1174 4272 quoque
1193 4176 1335 4250 semina
1353 4177 1472 4267 vitae,

407 4281 515 4375 ,Quin
533 4294 570 4357 11
587 4282 808 4381 conspicuus
825 4283 933 4356 lauro
951 4282 1148 4357 sublimior
1164 4282 1245 4357 ibas

414 4390 525 4482 Dux,
544 4414 619 4485 qua
636 4399 674 4462 te
693 4388 923 4462 Arch’medis
940 4387 1111 4481 numeri,
1128 4388 1356 4485 tabulaeque
1372 4392 1578 4485 vocabant,

417 4497 489 4571 Sed
507 4496 596 4591 quia
614 4495 781 4594 perdulci
800 4520 993 4569 musarum
1010 4505 1145 4595 eaptus
1158 4520 1283 4569 amore

416 4604 572 4678 Munere
588 4589 754 4677 bisse'nos
771 4599 946 4701 fulgebas
963 4602 1144 4701 praesidis
1162 4627 1289 4677 annue.

417 4710 555 4785 Laitha
572 4709 668 4784 mihi
687 4707 791 4783 testis
810 4706 946 4782 fueris:
964 4734 1160 4783 nemorosa
1178 4713 1249 4785 sub
1267 4712 1423 4803 umbra,

418 4807 503 4907 Qua
521 4816 654 4891 tacitos
671 4816 794 4890 volvis
811 4814 957 4908 latices,
972 4814 1208 4911 meditantia,
1226 4827 1264 4890 et
1282 4816 1359 4891 imo

418 4925 612 4999 Musarum
631 4922 944 4996 curasvolventis
961 4934 1111 5022 pectore
1128 4924 1252 5015 nisus,

420 5031 506 5105 Heu
523 5029 669 5127 quoties
687 5031 847 5104 miratus
865 5029 965 5103 eras!
982 5029 1080 5104 Hinc
1097 5031 1209 5105 laude
1226 5032 1380 5129 perenni
