4084 6000
852 1074 1053 1177 Elegia
1079 1074 1254 1160 xvll.

421 1300 475 1368 Ad
492 1298 696 1385 Stephanum
721 1305 878 1373 cstusz,
905 1296 1072 1364 ecolesimo
1098 1292 1269 1379 metropol.
1297 1293 1480 1362 colocensis
1507 1294 1541 1360 ot
1567 1291 1687 1360 orobi-

422 1407 571 1493 epo‘soopi
597 1408 749 1475 olotcrc
775 1405 992 1490 comom'com,
1018 1401 1224 1470 cocomario
1251 1400 1348 1486 roomo·
1375 1397 1515 1485 coptam
1540 1399 1687 1466 eiusdem

492 1512 705 1600 compotum,
722 1516 802 1599 post
819 1529 956 1599 prooem
973 1507 1121 1580 morbum
1141 1507 1314 1577 Coloozom
1331 1506 1486 1575 reducem
1509 1504 1616 1574 1829.

477 1688 508 1802 ll
528 1717 649 1792 salve!
668 1726 746 1790 toto
765 1716 1001 1815 genimamus
1020 1725 1188 1815 pectore,
1208 1715 1328 1788 salve!

581 1823 857 1922 Stephane,
872 1823 932 1895 vir
950 1824 1099 1922 magnis
1118 1849 1190 1896 non
1209 1821 1331 1895 minor
1349 1822 1426 1919 ipse
1444 1820 1548 1893 viria.

476 1931 527 2007 Tc
546 1930 688 2028 duplici
705 1930 882 2003 reducem
901 1929 1010 2005 titulo
1030 1930 1114 2024 quis
1134 1956 1208 2003 non
1226 1928 1456 2002 veneretur‘.l

581 2035 675 2127 Quis
695 2036 757 2134 pia
774 2036 941 2110 laetitiae
959 2038 1119 2136 pignora
1139 2034 1235 2110 ferre
1254 2036 1395 2136 neget?

476 2143 685 2233 LuximuS,
703 2153 741 2216 et
758 2156 907 2218 nostrae
928 2155 1131 2216 caruerunt
1148 2142 1222 2217 fine
1242 2142 1435 2238 querelae,

583 2251 710 2324 Verba
729 2246 871 2326 dabant
889 2251 1054 2350 gemitus
1074 2276 1236 2345 cumque
1254 2251 1389 2324 timore
1409 2248 1535 2322 dolor:

438 2435 441 2441 ,
474 2357 570 2434 Cum
589 2368 627 2430 te
647 2358 881 2456 depositum,
900 2383 964 2457 spe
983 2357 1086 2432 vitae
1104 2384 1197 2456 pene
1217 2381 1362 2448 carere,

580 2465 681 2538 Inter
701 2465 890 2564 singultus
909 2465 1097 2559 squallida
1115 2463 1359 2538 famarefert.

475 2573 556 2646 Iam
574 2569 676 2670 sugit
694 2597 760 2644 ora
778 2565 901 2663 color,
920 2573 997 2644 iam
1017 2573 1147 2645 vultus
1165 2571 1298 2645 funere
1316 2571 1476 2668 pallent,

580 2674 757 2769 Dixerat,
776 2690 815 2753 et
833 2679 970 2752 macies
988 2679 1171 2778 languida
1190 2681 1359 2753 membra
1380 2687 1493 2754 tenet.

475 2783 606 2860 Gratia
624 2786 728 2858 nulla
747 2786 861 2876 cibis,
879 2786 979 2860 vires
998 2798 1087 2859 sunt
1106 2811 1258 2883 corpore
1277 2786 1423 2880 nullae,

580 2893 786 2990 Praecipue
806 2918 968 2992 magnus
987 2893 1139 2992 pectora
1156 2894 1319 2993 languor
1336 2893 1462 2966 habet.

476 2997 550 3090 Qui
569 3001 734 3091 dubitat,
747 3002 881 3075 ¹videat
899 3026 1014 3096 quam
1034 3002 1082 3074 sit
1099 3012 1267 3074 mutatus
1286 3000 1438 3089 abillo,
1566 3014 1569 3021 '

581 3104 655 3196 Qui
673 3108 773 3198 vita,
792 3119 905 3203 atque
925 3109 1058 3182 decens
1077 3108 1142 3203 qui
1160 3108 1271 3207 vigor
1289 3118 1376 3181 ante
1388 3105 1471 3181 fuit.

403 3239 406 3248 ’
474 3212 578 3287 Haec
596 3214 672 3286 illa.
693 3218 844 3310 Absque
862 3240 988 3313 mora,
1008 3218 1159 3288 decorat
1177 3239 1270 3311 quos
1289 3238 1478 3315 purpura,
1496 3210 1631 3287 fratres

579 3320 734 3394 Talibus
753 3332 930 3395 accusant
948 3319 1028 3395 fata
1046 3322 1196 3395 sinistra
1213 3323 1350 3419 modis:

477 3427 619 3502 Siccine
638 3452 705 3501 vos
725 3447 873 3501 sacrum
892 3429 1040 3502 vexatis
1059 3427 1138 3501 fata
1157 3430 1368 3502 senatum‘lx

581 3533 677 3624 Nec,
696 3534 792 3607 nihil
810 3536 960 3608 adversi
979 3561 1045 3611 nos
1064 3536 1263 3626 meruisse,
1281 3536 1418 3609 iuvat‘.l

475 3641 555 3715 Iam
572 3642 762 3739 placidum
781 3642 918 3715 immiti
936 3642 1112 3741 rapuistis
1132 3640 1264 3717 funere
1281 3641 1457 3733 fratrem,

580 3745 654 3837 Qui
673 3746 798 3840 fuerat
816 3749 935 3822 nostri
953 3773 1179 3849 gemmaque
1199 3774 1356 3849 spesque
1374 3749 1490 3824 chori.

476 3853 603 3946 Nunc,
623 3880 718 3949 quae
737 3856 897 3929 lucidior
914 3857 1052 3930 mansit
1071 3881 1153 3955 spes
1173 3858 1310 3944 altera,
1328 3868 1454 3931 nostro

430 4044 434 4054 ¹
579 3961 732 4059 Eripere
752 3963 896 4036 audetis
915 3961 1037 4037 ferrea
1056 3961 1135 4039 sata
1154 3964 1269 4038 sinu‘l

473 4067 622 4169 Ergone
641 4071 831 4162 decretum
851 4082 928 4160 est,
946 4081 991 4144 ut
1009 4071 1076 4166 qui
1095 4070 1208 4144 simul
1226 4070 1299 4151 ista
1317 4072 1495 4169 petebant

581 4175 717 4266 Stalla,
736 4177 850 4249 simul
867 4178 988 4276 primo
1006 4190 1176 4276 tempore
1194 4187 1295 4251 terra
1313 4179 1489 4276 premat?

474 4284 524 4357 At
542 4283 574 4356 si
594 4307 660 4356 vos
679 4283 839 4374 candor,
859 4284 891 4355 si
910 4293 1038 4381 pectus
1058 4285 1211 4359 Pallade
1230 4285 1384 4384 plenum

578 4388 763 4479 Alterius,
782 4390 812 4461 si
831 4416 905 4464 non
924 4401 1095 4464 moverat
1113 4390 1327 4491 ingenium:

472 4496 586 4570 Istius
606 4496 806 4593 (petimus)
825 4508 1003 4570 moveant
1020 4522 1088 4572 vos
1107 4495 1208 4571 facta
1227 4502 1379 4591 decora,

577 4604 651 4677 Per
667 4603 830 4701 patriam
849 4612 887 4676 et
905 4614 1059 4678 cunctas
1079 4603 1179 4679 facta
1197 4618 1326 4680 notata
1344 4606 1487 4705 plagas.

470 4709 582 4783 Hunc
601 4729 798 4806 procerum
817 4722 861 4783 ut
879 4710 976 4784 vidit
994 4722 1163 4789 statuum
1181 4737 1338 4808 quoque.
1351 4713 1568 4809 splendidus
1579 4710 1684 4801 ordo,

576 4817 649 4890 Iste
667 4817 798 4916 gravi,
817 4815 988 4907 aiebant,
1006 4844 1161 4893 munere
1180 4820 1318 4920 dignus
1338 4821 1452 4893 adest.

472 4922 566 4999 Cum
585 4948 675 4997 vero
693 4934 845 4997 cunctos
864 4923 1034 5022 rapiebat
1052 4952 1142 5001 voce
1162 4926 1321 5016 diserta,

576 5029 731 5127 NulluS,
752 5030 817 5130 qui
835 5030 1013 5108 meritum
1033 5058 1106 5108 non
1126 5034 1351 5125 celebraret,
1370 5045 1459 5107 erat.
