4084 6000
853 1168 966 1250 (loe
994 1166 1139 1250 vlu.

421 1349 570 1438 Hymnus
597 1348 773 1420 addicunt
793 1352 1044 1454 Fordiuundum
1070 1354 1107 1422 ia
1134 1352 1283 1422 memori
1301 1358 1556 1417 resolutum

588 1475 680 1564 repis
697 1477 895 1564 Hunqortoc
916 1477 979 1548 loc
995 1479 1128 1547 nomine
1144 1479 1261 1565 quinti.
1285 1472 1396 1546 1836.

570 1654 686 1776 llice!
715 1721 780 1778 seu
798 1706 920 1780 maris
940 1704 1090 1806 generis
1109 1705 1238 1779 vocari

570 1809 717 1883 Austrii
736 1823 880 1905 custos,
898 1812 1162 1907 Granataeque
1182 1812 1305 1904 sidus,

573 1915 679 2010 Sive,
696 1914 846 1994 ¹devicto
865 1921 1025 2022 pelage,
1043 1919 1147 1994 beati

996 2027 1133 2102 Accola
1151 2035 1293 2126 portus.

572 2130 657 2205 Huc
676 2133 782 2208 ades!
802 2131 895 2209 fusis
912 2135 1110 2233 precibus,
1130 2134 1311 2207 micantes

571 2238 698 2314 Thure
716 2265 782 2338 per
800 2244 972 2328 flammas
993 2240 1218 2340 crepitante,
1237 2240 1334 2314 votis
1442 2287 1446 2302 ·

575 2345 743 2421 Fervidis
762 2350 871 2446 proni
891 2349 1069 2440 colimus,
1092 2372 1273 2443 rosaeque

995 2456 1104 2530 Flore
1123 2454 1304 2530 rubentis

572 2560 962 2655 Fordinandum,
989 2562 1069 2654 fac,
1094 2561 1165 2636 tibi
1184 2562 1401 2638 dedicatum

572 2666 731 2742 Nomine
749 2669 821 2744 hoo
840 2691 992 2772 regem,
1011 2669 1151 2769 pietate
1169 2670 1291 2744 multa

573 2775 774 2850 Aemulum
793 2777 924 2878 magni
944 2777 1078 2876 patris,
1101 2787 1215 2871 atque
1234 2801 1393 2852 avorum

994 2882 1128 2959 Nobile
1146 2908 1321 2983 germen3

572 2989 759 3083 Dextera,
783 2990 884 3066 flecti
904 2989 1046 3083 facilis,
1070 2990 1216 3089 potenti

573 3100 777 3207 Protegas,
802 3098 922 3174 vitam
940 3100 1144 3194 niveosque
1165 3099 1260 3173 soles

573 3206 772 3281 Advehens
791 3206 912 3299 vitae,
931 3206 1045 3280 simul
1065 3216 1102 3279 et
1119 3205 1305 3281 virentem

995 3312 1105 3389 Pacis
1124 3311 1277 3388 olivam.

573 3420 747 3497 Austrius
767 3422 928 3521 supplex
947 3432 1056 3522 rogat
1074 3410 1146 3494 lioc
1165 3423 1214 3495 ad
1232 3446 1335 3514 aras,

566 3528 656 3603 ‘Hoc
674 3528 776 3629 iugis
795 3528 951 3604 horrens
969 3528 1142 3629 Tyrolis,
1159 3529 1367 3630 propingui

577 3636 712 3711 Adriae
731 3636 802 3710 hoc
820 3648 981 3736 poscunt
999 3635 1142 3734 positae
1161 3636 1366 3734 procellae,

996 3742 1203 3837 Castraque
1221 3753 1374 3842 septem.
1430 3829 1436 3840 ,

574 3851 781 3952 Hungarus
801 3850 896 3925 nulli
914 3850 1054 3949 pietate
1073 3851 1205 3924 cedens

573 3958 686 4033 Hunc
704 3958 806 4032 diem
824 3959 950 4059 signat
968 3956 1089 4030 niveis
1106 3954 1265 4053 lapillis,
1365 3960 1369 3968 “

575 4066 622 4142 Et
641 4066 746 4165 cupit
764 4062 870 4139 fastis
889 4065 1073 4139 celebrem
1091 4087 1157 4160 per
1175 4087 1303 4137 omnes

996 4172 1056 4245 Ire
1074 4180 1237 4269 nepotes.

575 4278 730 4356 Scilicet
748 4304 838 4379 rege
857 4279 929 4353 hoc
947 4277 1119 4353 rediviva
1136 4278 1278 4377 gaudet

576 4386 674 4464 Gens
691 4386 788 4461 lares
806 4411 956 4461 rursum
974 4385 1117 4484 patrios
1135 4385 1295 4477 redisse,

576 4492 718 4570 Exules
737 4495 898 4586 dudum,
920 4493 1012 4568 latia
1031 4490 1183 4592 fugatos

697 4630 699 4633 ·
998 4597 1145 4697 Quippe
1162 4598 1323 4695 loquela.

577 4707 665 4782 Iura
683 4716 871 4781 semotum
888 4715 1068 4781 revocant
1084 4705 1277 4807 vigorem3

576 4814 781 4891 Dormiunt
798 4813 917 4889 altum
936 4813 1097 4889 miserae
1116 4813 1309 4909 querelae,

578 4921 734 5017 Laetior„
744 4919 835 4994 visit
853 4944 922 4995 sua
941 4944 1051 5011 rura,
1069 4929 1107 4995 et
1125 4944 1242 5020 agnos

1000 5020 1180 5127 Thsssis,
1197 5037 1234 5101 et
1251 5022 1419 5204 Alcon.15
