4084 6000
991 619 1202 744 ...l-43...

514 833 682 925 Fallere,
701 831 732 905 si
750 832 880 907 eredes
897 831 1025 930 plures
1044 829 1192 933 fulgere
1211 857 1379 926 serenos,

619 938 745 1031 Quam
763 962 857 1034 quos
874 938 1067 1014 occultant
1084 939 1216 1015 nubile
1233 964 1363 1032 oaeoa,
1382 940 1471 1016 dies.

514 1049 616 1122 Dum
633 1056 795 1122 roseo'te
815 1045 954 1120 blenda
971 1057 1084 1122 vocat
1102 1071 1273 1123 sermone
1291 1047 1469 1148 voluptas
1480 1109 1495 1142 ,,

620 1154 722 1231 Scito
739 1152 810 1228 tibi
827 1153 982 1250 laqueos
1000 1153 1231 1252 insidiasque
1250 1156 1357 1231 strui.

513 1261 615 1353 Quid
632 1273 692 1356 te,
710 1285 872 1358 quaeso,
890 1261 1000 1336 iuvet
1017 1262 1172 1338 Phoebo
1190 1262 1364 1338 didioisse
1382 1263 1598 1364 magistro?

620 1369 660 1445 Si
677 1367 829 1469 fugient
846 1368 972 1443 animo
991 1367 1123 1467 fasque
1142 1371 1324 1470 piumque
1342 1379 1420 1446 tuo.

513 1476 596 1552 Non
614 1488 671 1552 est
688 1476 786 1551 velle
804 1475 916 1568 satis,
934 1486 1002 1551 tua
1020 1477 1054 1552 si
1071 1477 1157 1576 plus
1175 1487 1328 1577 peotor'e
1344 1478 1509 1578 possint:
1535 1566 1538 1572 ,

616 1583 754 1660 Debita
770 1608 859 1658 nam
877 1583 1000 1683 coepti
1017 1586 1184 1685 praemia
1202 1583 1289 1660 finis
1307 1585 1433 1661 babet.

511 1692 749 1791 lmploranda
765 1690 837 1766 tibi
853 1702 911 1765 est
929 1690 1060 1766 divina
1078 1692 1246 1792 potentie
1263 1718 1429 1793 semper3

616 1797 699 1874 Non
717 1800 831 1873 modo
848 1799 881 1873 si
898 1797 1025 1874 dubiis
1043 1797 1140 1874 forte
1158 1825 1328 1900 premere
1347 1800 1468 1877 malis.
1506 1891 1509 1900 ὁ

512 1905 681 1981 Observa
697 1907 822 2006 leges,
841 1906 906 1980 lex
925 1918 980 1981 est
998 1909 1201 1982 metuenda
1218 1907 1388 2005 noeenti3

616 2012 764 2114 Quippe
783 2037 907 2088 comes
924 2015 1076 2114 culpam
1094 2040 1215 2114 poene
1233 2015 1370 2091 luenda
1389 2016 1537 2116 premit.

510 2121 586 2196 Cur
601 2121 723 2221 gemis
740 2118 908 2196 infelix?
927 2145 1007 2196 sors
1026 2133 1083 2196 est
1101 2147 1169 2198 sua
1188 2122 1324 2220 auique
1342 2121 1511 2199 ferenda:

614 2229 809 2304 dutmala
826 2254 894 2329 per
910 2228 1075 2328 gemitus
1094 2231 1324 2332 attenuanda
1342 2232 1483 2331 putas?

508 2334 661 2428 Quanta
678 2334 781 2412 subit
798 2335 903 2433 (quis
921 2335 1023 2411 enim
1041 2336 1209 2428 nesoitl)
1228 2337 1447 2412 discrimina
1465 2336 1583 2413 vitoe!

612 2444 715 2519 Dum
734 2444 817 2519 looa
835 2468 945 2543 saepe
963 2469 1059 2544 puer
1075 2471 1151 2520 non
1167 2445 1466 2550 adeundepetit.

509 2552 721 2628 Verborum
739 2550 849 2626 nimii
866 2576 980 2648 seque
997 2563 1037 2627 et
1055 2576 1124 2627 sue
1141 2551 1242 2627 faeta
1259 2565 1473 2653 crepantem

611 2657 694 2735 Non
712 2683 797 2734 raro
815 2661 981 2760 produnt
999 2659 1271 2734 dissimulanda
1289 2660 1371 2735 sibi.

506 2767 582 2843 Gur
599 2765 770 2844 homines
787 2761 989 2866 properant
1005 2766 1172 2843 ruituras
1189 2791 1326 2867 ponere
1344 2769 1491 2844 moles?

611 2874 665 2951 Ut
681 2873 750 2968 sit,
770 2876 873 2971 quod
890 2875 1016 2950 veleet
1033 2877 1164 2952 rodere
1182 2885 1333 2974 tempus
1353 2878 1463 2951 odax.

505 2984 625 3061 Rome
643 2982 758 3059 etiam
775 2991 856 3058 toto
873 2984 1066 3079 quondam
1084 2981 1327 3059 oeleberrima
1345 2985 1508 3076 mundo,

611 3090 671 3168 Sio
689 3116 817 3167 seeum
834 3089 1005 3165 instabili
1021 3102 1122 3165 sorte
1141 3089 1304 3183 ferente,
1321 3090 1410 3167 ruit.
1445 3142 1447 3147 -
1648 3175 1650 3177 ,

505 3200 609 3277 Hora
627 3223 803 3299 supreme
821 3198 937 3273 etiem
953 3197 1154 3274 rutilantes
1173 3198 1315 3275 claudit
1333 3199 1489 3295 ocellos3
1593 3272 1595 3276 .

610 3307 659 3383 Et
677 3308 789 3381 modo
807 3315 1009 3407 vernantes
1027 3305 1200 3381 detrahet
1218 3328 1282 3381 ore
1299 3330 1413 3381 rosas.

503 3414 650 3492 lnoauti
667 3413 790 3488 vitam
808 3438 899 3488 oure
915 3412 1117 3510 studioque
1135 3411 1337 3491 fovendam

609 3525 706 3598 Ante
724 3545 812 3598 suos
829 3521 998 3623 gaudent
1011 3523 1166 3619 perdere
1184 3545 1291 3622 posse
1309 3521 1399 3597 dies.

502 3630 624 3716 Multa
641 3628 797 3706 ferenda
813 3628 904 3721 tibi,
922 3653 1039 3726 quam
1057 3628 1192 3721 duxti,
1210 3628 1241 3703 si
1260 3629 1365 3703 dedit
1383 3640 1505 3725 aetas3

442 3769 444 3772 ·
609 3736 692 3831 Que
710 3738 868 3838 posthae
884 3737 1011 3811 veniet
1020 3758 1033 3829 ,’
1048 3738 1170 3814 multa
1188 3736 1354 3811 dolende·
1368 3736 1486 3811 debit.

502 3848 610 3923 Artes
629 3845 729 3921 disee
748 3848 864 3920 bones
882 3844 1006 3944 prima
1024 3846 1178 3921 florente
1197 3843 1372 3937 iuventa,

607 3956 657 4029 Ut
673 3953 802 4030 duloes
820 3951 968 4027 fruetus
984 3952 1121 4050 virque
1139 3976 1328 4047 senexque
1346 3952 1462 4053 leges.

503 4062 598 4139 Sunt
615 4064 714 4138 bone
732 4060 856 4137 mixte
874 4059 1005 4153 malis,
1024 4060 1180 4157 quaevis
1198 4059 1239 4134 id
1257 4058 1398 4135 dixerit
1416 4070 1538 4135 aetas:

606 4168 659 4246 Te
677 4194 794 4270 puero
811 4168 886 4242 hoo
902 4166 1014 4242 eliter
1031 4166 1127 4243 forte
1146 4166 1281 4259 fuisse,
1299 4192 1407 4267 nego.

501 4280 710 4353 lnnoouum
728 4274 913 4351 simules?
932 4275 1060 4349 insons
1078 4300 1116 4351 se
1134 4274 1258 4351 iudiee
1276 4300 1386 4349 nemo
1405 4287 1479 4350 est:

606 4382 739 4475 Felix,
757 4382 789 4456 si
807 4383 935 4457 sedeat
952 4392 1101 4482 pectore
1120 4382 1232 4483 eulpa
1250 4381 1384 4457 minor.

502 4495 603 4594 Lege
620 4490 690 4568 Dei
709 4498 938 4569 monstrante
955 4488 1060 4564 viem
1079 4489 1112 4563 si
1131 4514 1279 4564 currere
1293 4492 1458 4589 flagres,

607 4599 792 4675 Sedueent
809 4622 960 4699 gressus
979 4596 1089 4672 devia
1107 4597 1213 4671 nulle
1229 4608 1325 4671 tuos.

501 4712 550 4785 At
568 4706 740 4811 propriae
758 4729 955 4801 nunquam
972 4704 1109 4779 virtuti
1127 4703 1255 4779 fidito:
1275 4728 1408 4778 verum
1531 4704 1532 4708 ’

606 4814 726 4890 Tutus
744 4838 837 4915 ego,
854 4810 974 4903 diaes,
993 4812 1056 4887 ibo
1075 4812 1332 4887 volenteDeo.
