4084 6000
556 1165 983 1290 SOLLlllllNlA
1035 1168 1562 1292 Dnnlontlonls

594 1517 599 1525 ,
723 1416 986 1534 nisinun
1023 1379 1403 1535 statuuntur

466 1624 521 1707 lo
549 1622 717 1713 tritu
743 1626 949 1714 vmtmt
976 1625 1141 1711 ΕΔΜ
1168 1623 1210 1710 lt
1234 1622 1386 1710 otuu
1412 1623 1652 1709 enutrit.

530 1831 721 1945 illoria!
747 1865 899 1940 coelesti
924 1889 1119 1969 nunquam
1141 1889 1216 1940 non
1234 1863 1409 1964 proxima
1427 1864 1525 1964 patri

606 1987 692 2064 Huc
707 1991 815 2084 ades,¹
834 2001 872 2066 et
890 1992 1006 2067 sacris
1025 2017 1141 2093 perge
1159 1989 1286 2066 favere
1304 1989 1391 2066 tuis.

527 2166 603 2243 En!
622 2178 727 2268 patet
745 2169 1129 2272 Istrograni'sublimi
1147 2170 1187 2245 in
1205 2171 1345 2246 vertice
1365 2171 1491 2263 sedes,
1586 2251 1589 2258 ,

605 2292 732 2395 Digna
745 2295 823 2372 tuis
843 2297 1002 2390 studiis,
1019 2295 1175 2373 numine
1194 2296 1312 2398 digna
1331 2308 1409 2372 tuo.

527 2473 688 2574 Ipsaque
706 2485 763 2550 tot
778 2477 956 2576 precibus
975 2478 1048 2552 lux
1068 2487 1229 2552 exorata
1247 2473 1418 2569 refulsit,
1519 2449 1520 2454 Ἰ

607 2601 691 2694 Qua
709 2599 879 2678 ferienda
896 2602 967 2678 tibi
985 2589 1153 2678 victima*
1167 2601 1288 2702 prima
1308 2603 1428 2676 eadat.

527 2779 618 2874 Eia,
637 2805 708 2881 age
726 2780 890 2881 propitio
910 2781 1042 2857 calidis
1062 2781 1238 2857 adlabere
1256 2781 1356 2856 votis

606 2907 749 3002 Vultu,
768 2907 834 3005 qui
853 2933 1045 2984 summum
1064 2907 1228 2984 moverit
1245 2929 1365 3006 usque
1384 2907 1518 2983 Deum.

529 3087 622 3163 Mox
642 3088 765 3162 aderit
782 3099 945 3189 cognata
961 3087 1058 3187 polis
1076 3088 1271 3187 pietasque
1289 3086 1478 3185 fidesque,

606 3213 656 3289 Et
674 3213 841 3290 studium
859 3214 972 3309 recti,
985 3231 1158 3312 ‘curaque
1174 3213 1354 3291 iustitiae.
1368 3200 1372 3217 ’

527 3396 571 3470 In
589 3394 754 3496 pretium
772 3393 925 3469 venient
943 3419 1055 3469 verae
1074 3403 1273 3495 praecepta
1293 3391 1444 3489 salutis3

606 3520 682 3597 Nec
699 3520 833 3623 positis
851 3505 1011 3596 deerunt
1028 3520 1142 3596 thura
1161 3544 1364 3621 precesque
1383 3516 1486 3593 focis

528 3700 689 3777 Audior:
710 3700 773 3775 en!
792 3658 938 3775 cunctis
955 3700 1101 3800 patriae
1119 3701 1165 3774 de
1182 3686 1324 3775 finibus
1343 3654 1490 3797 amplus
1556 3713 1561 3723 ’

607 3825 805 3905 Concurrit
821 3826 953 3927 populi
971 3824 1267 3925 pontificumque
1286 3822 1441 3899 choras:

528 4003 666 4103 Teque,
685 4006 791 4105 pium
808 4029 961 4098 numen,
980 4003 1058 4078 iarn
1075 4028 1250 4103 praesens
1269 4026 1362 4077 voce
1381 4001 1548 4076 salutant

607 4129 821 4227 (indeque,
840 4130 947 4226 queis
965 4128 1127 4204 rutilans
1145 4128 1279 4204 annuit
1295 4128 1375 4227 ipse
1392 4126 1512 4228 polus.

528 4307 576 4385 Et
594 4308 718 4401 iuvet,
748 4319 786 4385 et
809 4310 927 4384 iustos
955 4330 1048 4383 cave
1075 4306 1289 4409 dedigneris
1316 4286 1496 4399 honores,
1557 4318 1563 4391 ',

607 4433 794 4538 Hungara
812 4437 904 4511 dum
921 4457 1027 4510 sacro
1046 4436 1185 4536 flagrat
1203 4460 1329 4510 amore
1346 4432 1448 4511 Sion.

528 4614 683 4711 Iamque
700 4610 876 4711 frequens
894 4612 1039 4689 scandit
1056 4614 1178 4689 clerus
1197 4612 1434 4714 populusque
1451 4606 1573 4686 fidelis

533 4788 537 4793 ·
608 4737 785 4836 Undique
804 4739 1046 4838 conspicuum
1066 4736 1312 4839 strigoniense
1329 4736 1476 4838 iugum.

528 4918 713 4995 Exultant
731 4928 841 5021 grato
859 4916 999 5017 passim
1016 4916 1080 5017 pia
1097 4927 1249 5017 pectora
1267 4940 1397 5009 sensu,

609 5045 682 5123 Tot
699 5070 768 5122 sua
785 5048 878 5121 dum
896 5042 1042 5143 superis
1060 5053 1152 5119 vota
1169 5044 1327 5145 probata
1344 5041 1487 5118 vident.
