4084 6000
1002 653 1075 726 165

403 863 608 962 Purpureis
628 863 724 937 risus
745 863 843 937 inter
861 862 1060 937 volitantia
1080 865 1224 938 ludunt.

403 969 571 1042 Libertas
591 971 704 1044 etiam
724 969 879 1044 tumidis
900 970 1037 1044 iactata
1055 971 1236 1069 procellis-

403 1076 618 1168 Gallorum,
636 1078 747 1151 terris
764 1102 857 1176 pene
877 1078 986 1150 exsul
1004 1089 1172 1176 tempore
1191 1078 1325 1176 longo,
1343 1085 1348 1092 '

408 1181 459 1256 Ut
478 1195 618 1256 recreet
637 1184 815 1282 populoS,
832 1195 917 1256 tuto
935 1182 1033 1258 redit
1051 1207 1165 1257 aurea
1184 1186 1288 1258 calle.

403 1289 577 1364 Succedit
593 1290 694 1364 Maia
711 1290 881 1391 genum,
902 1290 1099 1384 studioque
1117 1291 1253 1365 calenti

402 1396 523 1469 Corda
540 1396 738 1471 hominum
756 1397 920 1470 incendit
937 1395 1097 1470 fervens.
1126 1397 1217 1470 Mox'
1237 1397 1382 1475 artibus
1401 1395 1456 1468 illi

401 1503 595 1577 Desudant
611 1502 746 1595 variiS,
764 1514 981 1598 certantque
999 1503 1217 1603 ingentibus
1236 1502 1336 1578 ausis

403 1612 478 1683 Pro
496 1633 535 1682 se
552 1610 711 1706 quisque
728 1635 886 1709 gravem
905 1609 1064 1708 propriis
1083 1610 1267 1708 depellere
1286 1610 1393 1684 tectis

402 1717 638 1815 Pauperiem.
658 1717 764 1792 Secat
783 1718 846 1790 ille
866 1717 1008 1807 salum,
1027 1741 1242 1811 mercesque
1260 1716 1395 1817 petitas

402 1823 558 1896 Finibus
576 1848 626 1897 ex
644 1823 728 1896 aliis
747 1847 873 1896 secum
891 1822 1018 1914 vehit,
1039 1836 1153 1919 atque
1171 1836 1358 1898 morantes

401 1929 606 2028 Increpitat
624 1929 819 2030 Zephyros
831 1959 847 2002 :*
859 1929 922 2002 ille
941 1931 1057 2002 altam
1077 1929 1296 2018 exscindere
1315 1930 1469 2016 silvam,

402 2037 586 2131 Antiquas
603 2037 802 2109 volucrum
820 2037 984 2109 latebras
1003 2038 1202 2134 sedemque
1222 2033 1400 2126 ferarum,

402 2142 560 2217 Gaudet.
581 2143 676 2234 Sunt
694 2142 779 2220 aliis
797 2156 909 2216 curae
928 2142 1197 2240 impedimenta
1215 2143 1366 2216 viarum

401 2249 564 2323 Tollere:
584 2249 764 2323 sublimes
782 2248 864 2322 aliis
883 2251 933 2322 ad
951 2249 1074 2322 sidera
1092 2250 1208 2324 moles

376 2352 378 2355 ’
401 2357 499 2430 (lura
518 2367 631 2450 atque
649 2356 824 2455 impensis
843 2357 1000 2429 educere
1020 2355 1241 2456 grandibus,
1260 2355 1383 2430 Huius

400 2463 468 2536 Est
486 2462 652 2536 studium
669 2463 844 2557 antiquas
862 2464 937 2536 late
956 2463 1148 2562 emulgere
1167 2463 1340 2560 1111111111,

401 2570 517 2663 Inque
535 2594 672 2668 graves
690 2568 847 2669 frugum
866 2569 1021 2642 siccatas
1038 2580 1185 2642 vertere
1203 2582 1332 2643 terras.

400 2675 506 2748 lllius
525 2675 680 2748 hirsutis
699 2700 906 2774 supponere
926 2674 1044 2748 serica
1062 2674 1157 2753 lanis

401 2782 536 2856 Fervet
554 2807 679 2878 amor3
697 2793 895 2879 tempeque
913 2783 1032 2873 locat,
1051 2807 1249 2876 ramosque
1269 2779 1409 2854 feraces

400 2889 533 2979 Ponit,
551 2888 618 2962 ubi
635 2888 778 2972 steriles
798 2891 1004 2988 surgebant
1023 2887 1218 2962 frondibus
1238 2887 1326 2960 alni.

402 2995 461 3071 Sic
480 3022 546 3094 per
564 3021 697 3096 agros,
716 3022 784 3095 per
799 3007 928 3095 prata,
949 2995 1050 3087 11111,
1069 3020 1136 3094 per
1154 2993 1330 3087 flumina,
1349 3020 1487 3093 perque

399 3103 554 3178 Rustica
571 3114 691 3195 tecta,
710 3115 812 3177 metu
831 3104 958 3202 pulso,
977 3128 1076 3176 nova
1095 3103 1175 3175 vita
1195 3102 1368 3203 resurgit.
1481 3178 1486 3193 ,

777 3351 955 3501 tenucla
972 3416 1066 3522 pacis
1086 3418 1118 3501 lu
1137 3416 1283 3501 1111111.

504 3634 625 3709 Urbes
643 3637 737 3730 quid
754 3636 989 3709 memorem?
1009 3660 1083 3711 non
1100 3634 1165 3709 hic
1185 3643 1247 3725 (ut
1266 3636 1421 3709 crimine
1440 3661 1548 3708 caeco

399 3739 579 3815 Nonnulli
597 3750 800 3841 spargunt)
818 3741 955 3838 residet
974 3741 1045 3813 nisi
1063 3753 1192 3839 torpor
1209 3740 1347 3832 inania,

400 3848 617 3943 Blandaque
635 3848 812 3922 mollities
829 3848 935 3947 turpi
952 3846 1093 3920 sociata
1111 3859 1275 3920 veterno.

399 3952 499 4045 Quin
518 3956 654 4028 florent
672 3967 790 4047 artes,
808 3956 918 4029 docta
936 3953 1154 4027 stimulante
1172 3953 1361 4027 Minerva:
1644 4039 1648 4050 ¹

400 4059 503 4134 Mille
522 4060 642 4135 modis
661 4062 857 4159 operisque
877 4060 1000 4133 calent
1018 4059 1217 4154 studioque
1236 4060 1394 4133 recentis
1520 4112 1523 4117 -
1643 4062 1646 4072 ’

400 4164 482 4240 Non
500 4167 624 4241 minus
644 4193 687 4241 ac
705 4167 844 4241 veteris
862 4167 985 4240 cultus
1004 4168 1248 4240 conscendere
1267 4167 1424 4239 culmen.

399 4273 519 4347 Vivos
537 4272 577 4346 in
594 4274 726 4347 vultus
743 4272 807 4347 hic
825 4296 1013 4347 marmora
1030 4282 1154 4347 mutat
1172 4284 1210 4347 et
1228 4298 1334 4346 aera:

399 4379 579 4453 Zeuxidis
598 4380 661 4453 ille
679 4405 796 4453 novos
813 4379 955 4453 tabulis
973 4377 1064 4453 facit
1083 4391 1162 4454 arte
1182 4380 1322 4454 colores

398 4486 557 4561 Vincere
575 4498 937 4582 naturamqertans:
957 4486 1020 4560 hic
1039 4486 1156 4562 serica
1173 4486 1298 4586 pingit

400 4592 570 4668 Stamina
587 4601 624 4667 et
641 4591 824 4667 artificem
842 4603 974 4666 texens
992 4592 1166 4666 imitatur
1183 4592 1391 4666 Arachnen.

400 4699 497 4774 Sunt
514 4699 647 4791 etiam,
666 4700 774 4795 queis
793 4700 870 4773 alta
888 4700 1037 4798 placent
1055 4708 1252 4799 praecepta
1270 4696 1457 4785 Platona,
1624 4788 1628 4797 Ι

400 4808 516 4898 Sunt,
534 4831 628 4904 quos
646 4806 878 4881 Arch’medis
896 4806 1056 4898 numeri,
1073 4807 1300 4901 tabulaeque
1318 4814 1524 4880 morantur.

400 4910 500 5003 Quin
520 4912 616 4987 alius
634 4912 785 5012 propior
803 4913 982 4986 scandens
1000 4909 1236 5013 fulgentibus
1254 4912 1362 4987 astris

399 5018 682 5115 Ventorumque
700 5020 782 5093 vias
802 5044 980 5117 superans
998 5045 1100 5119 vaga
1119 5020 1240 5094 sidera
1259 5018 1369 5093 certis
