4084 6000
611 1363 1368 1544 nnuorccnuu

666 1653 671 1660 .
821 1583 969 1660 LIBER
996 1582 1134 1664 UNUS.

971 1942 999 2014 Ι.
1097 2051 1099 2057 ,

352 2116 381 2189 1.
400 2120 945 2208 Apptnususcctstsstmoprtnctpt
963 2130 1097 2187 rsuno
1118 2115 1376 2206 rsz'rreulzr
1395 2123 1436 2190 de
1456 2119 1627 2192 Guttuttc

354 2250 417 2314 etc.
437 2247 583 2332 supremi
601 2247 728 2314 comitis
745 2262 863 2314 munus
892 2248 1069 2316 comitatus
1095 2246 1326 2332 soprcuteusis
1348 2246 1542 2320 sollenniter
1559 2267 1627 2332 ult-3

475 2372 638 2456 emuncti,
659 2391 681 2440 a
700 2371 722 2439 l.
741 2371 840 2459 rectu
857 2371 997 2440 civitate
1013 2369 1231 2439 llis-Martae
1250 2371 1361 2440 editus
1383 2369 1493 2439 1834.
1573 2427 1576 2432 .

353 2543 680 2656 Esztoradum
702 2608 823 2682 genus
842 2589 918 2676 est,
937 2608 1168 2684 magnorum
1187 2607 1351 2684 mugnus
1369 2609 1528 2660 avorum

353 2690 493 2781 Heres,
513 2699 550 2762 et
570 2686 672 2763 fama
690 2692 836 2764 dudum
854 2716 967 2788 super
985 2691 1141 2765 aethera
1160 2701 1291 2782 notus,

353 2796 536 2871 Laetitiae
554 2820 662 2896 seges
681 2799 780 2873 unde
799 2797 908 2872 bonis
926 2798 1162 2896 amplissima
1180 2800 1326 2872 cunctis

353 2902 556 2994 Exoritur,
574 2903 805 2998 tumidisque
823 2917 939 2980 ruunt
958 2906 1024 3004 pia
1043 2904 1186 3006 gaudie
1205 2905 1308 2981 rivis,

460 3012 511 3085 At
527 3022 565 3085 te
583 3037 673 3111 pree
692 3012 849 3108 reliquis
867 3016 959 3087 urbs
978 3012 1195 3104 fortunata,
1215 3015 1348 3088 decoro

355 3118 444 3193 Divi
461 3118 618 3204 Martini
635 3119 769 3195 sortita
786 3146 809 3193 a
826 3122 979 3195 nomine
996 3146 1152 3211 nomen,
1281 3122 1284 3129 '

355 3225 528 3301 Festivae
546 3226 652 3300 testis
669 3226 785 3319 lucu,
804 3252 967 3328 parsque
985 3227 1249 3327 ample,quid
1267 3253 1386 3324 usque

353 3333 588 3409 Exhilarat‘l
607 3344 812 3435 gratosque
830 3335 933 3409 ciens
952 3337 992 3409 in
1010 3348 1160 3434 pectore
1180 3360 1330 3430 sensus,

355 3439 457 3531 Quid
473 3440 600 3533 iubet,
618 3452 705 3515 ante
723 3443 839 3534 alias,
857 3444 989 3517 calidis
1008 3438 1218 3518 fervescere
1235 3444 1363 3519 votis?
1497 3494 1499 3501 .

356 3546 507 3623 Scilicet
524 3549 701 3623 exultans
720 3549 840 3623 cernis
858 3574 926 3648 per
943 3552 1095 3625 saecula
1113 3550 1254 3625 claram

354 3654 680 3730 Esztoradum
698 3680 844 3755 semper
860 3656 1003 3733 famam
1021 3658 1269 3749 revirescere,
1289 3658 1403 3758 longo
1518 3698 1521 3707 ,
1620 3680 1623 3689 ·

355 3761 572 3853 Quaesitam
592 3763 699 3837 dubii
716 3764 870 3855 Martis,
888 3764 1055 3861 fideique
1073 3764 1233 3839 labore--

356 3869 484 3947 Cernis
501 3869 645 3943 vicinas
664 3873 796 3963 urbes,
815 3882 929 3967 atque
947 3872 1085 3971 oppida
1103 3872 1192 3946 totis

357 3976 515 4053 Sedibus
533 3990 675 4052 emotas
692 3980 742 4051 nd
760 3989 805 4052 te
824 4004 862 4053 se
879 3978 1095 4070 effundere,
1114 3976 1236 4052 cernis

355 4084 526 4158 Festivos
542 4083 669 4185 ignes3
687 4085 782 4159 elios
800 4084 1037 4185 fulgentibus
1055 4086 1171 4159 armis

356 4191 614 4285 Praecinctos,
632 4192 726 4266 alios
744 4217 857 4284 auro,
875 4193 1112 4293 gemmisque
1131 4192 1324 4266 micantes.

356 4299 459 4373 Haec
478 4297 574 4373 iuter
593 4310 779 4373 tormenta
796 4311 948 4393 tonant,
968 4312 1166 4395 turresque
1185 4299 1370 4373 resultant

356 4407 556 4498 Pulsatae,
575 4418 613 4481 et
629 4407 705 4481 late
725 4432 901 4492 resonans
920 4406 1007 4482 ferit
1026 4408 1181 4482 aethera
1199 4406 1350 4479 elamor.

358 4514 439 4587 Non
456 4515 630 4606 deerunt,
649 4539 743 4609 quos
760 4540 898 4614 pompa
916 4515 1037 4613 cepit,
1056 4539 1150 4610 quos
1169 4538 1227 4587 res
1246 4537 1346 4586 nova
1363 4520 1491 4608 captos

357 4620 610 4717 Mirantesquc
628 4633 751 4711 tenet,
770 4647 864 4717 quos
882 4621 1004 4695 iubila
1021 4622 1122 4696 lacta
1135 4631 1347 4696 morentur.
1611 4622 1613 4625 ’

358 4727 455 4803 Sunt
472 4727 585 4803 etiam
603 4728 762 4804 choreae
779 4727 929 4820 multis,
947 4738 1038 4802 sunt
1056 4738 1244 4829 tympana
1263 4750 1374 4801 curae

357 4836 482 4931 Atque
498 4839 634 4928 tubae,
652 4848 691 4911 et
709 4835 833 4935 plenis
849 4834 1025 4908 convivia
1044 4836 1204 4937 pinguia
1222 4834 1370 4909 mensis.

463 4942 568 5017 Haec
585 4942 698 5017 alios:
718 4968 793 5017 non
810 4953 848 5016 te
867 4940 1121 5035 KisMart0n‚
1139 4942 1233 5017 talia
1250 4942 1417 5015 mulcent

358 5048 524 5150 Gaudia3
543 5052 609 5127 sed
627 5050 750 5125 virtus
769 5060 824 5124 est
842 5048 920 5123 cari
939 5049 1119 5149 principis
1139 5052 1261 5141 alme,
1344 5156 1417 5227 10⁸*
