4084 6000
931 683 980 759 85

381 898 529 976 Scilicet
547 898 651 975 haud
669 899 854 995 aliquem,
872 925 1008 974 nomen
1027 923 1140 996 quem
1159 897 1302 976 Bella
1319 901 1472 993 lateret,
1492 946 1496 954 ,

485 1006 574 1084 Esse
592 1018 701 1106 putes
719 1010 811 1082 daco
828 1006 1111 1108 pannonieoquc
1130 1008 1218 1082 solo.

381 1114 462 1190 11111
480 1112 629 1214 excepit
648 1112 801 1189 sublimi
819 1114 943 1216 gloria
961 1139 1094 1213 curru,

487 1221 674 1296 Adiunxit
690 1221 835 1297 meritis
853 1221 917 1297 1111
936 1224 1050 1296 decus
1069 1247 1177 1297 omne
1196 1223 1315 1298 novis

380 1329 510 1406 Prima
529 1355 639 1403 suum
659 1330 847 1404 celebrant
866 1329 1066 1406 Chironem
1085 1331 1231 1404 lumina
1249 1331 1368 1432 regni.

485 1436 590 1528 Illic,
609 1437 714 1532 queis
733 1437 833 1511 vitae
851 1438 921 1512 lux
938 1437 1044 1536 prius
1063 1438 1141 1537 ipse
1159 1435 1243 1512 fuit.

382 1543 477 1636 Hic,
492 1569 597 1618 amor
615 1555 671 1620 est
689 1545 833 1642 patriae
852 1545 882 1618 si
902 1543 978 1620 fors
996 1545 1129 1619 visisse
1147 1546 1361 1642 columnas,

486 1651 566 1726 Vix
584 1651 677 1743 erit,
695 1651 755 1726 his
773 1651 883 1726 illum
902 1652 968 1750 qui
986 1663 1098 1752 neget
1115 1677 1193 1730 esse
1211 1677 1353 1750 parem.

383 1756 586 1834 Abfuerit‘?
607 1770 813 1855 quaerunt,
831 1759 1020 1851 invisunt,
1040 1784 1148 1860 saepe
1168 1760 1353 1857 salutant,

487 1868 590 1941 Haec
609 1866 640 1939 si
658 1867 850 1966 decipiunt
868 1867 1064 1968 symbola,
1083 1867 1188 1943 nulla
1206 1867 1343 1942 valent.

383 1973 474 2050 Vidi
492 2000 565 2075 ego
583 1999 657 2048 non
675 1974 821 2073 pridem
839 1969 972 2073 patriis
995 2001 1014 2048 e
1034 1975 1177 2050 solibus
1196 1999 1336 2068 unum,

487 2082 594 2156 Illius
612 2081 767 2181 ancipiti
785 2081 1020 2158 condoluisse
1039 2083 1149 2157 malo.

385 2190 502 2264 Immo
522 2188 680 2284 aliquis,
698 2190 892 2290 precibus,
911 2191 1031 2284 dixit,
1050 2192 1144 2265 bene
1163 2193 1315 2290 poscitis
1335 2204 1459 2286 astra,

491 2295 530 2371 Si
547 2298 657 2371 eadat
674 2296 707 2372 is
725 2296 832 2373 vobis
850 2297 931 2396 ipsa
948 2323 1086 2373 corona
1106 2299 1216 2373 cadit.

385 2405 499 2481 Cerne
516 2407 628 2480 urbes
645 2404 809 2504 primaS,
828 2403 992 2480 illustres
1011 2432 1120 2481 cerne
1139 2407 1355 2498 cathedras,

488 2506 618 2602 Quid?
641 2511 714 2609 nisi
731 2503 924 2611 praeclaro
943 2513 1015 2588 hoo
1033 2513 1183 2588 nomine
1201 2514 1313 2613 plena
1329 2513 1448 2594 vides

384 2618 451 2693 Ille
469 2619 570 2693 vices
590 2618 809 2712 hominum,
829 2631 1073 2718 vastus-quas
1091 2621 1239 2695 viderat
1258 2621 1380 2711 orbiS,

491 2725 689 2828 Signavit,
707 2728 853 2822 docuit,
873 2753 940 2802 nec
961 2730 1086 2802 minus
1106 2751 1224 2824 usque
1243 2731 1372 2802 docet:

386 2831 532 2908 Summi
550 2836 718 2910 doctores
737 2835 931 2915 variorum
950 2837 1089 2936 quippe
1107 2836 1276 2910 locorum

490 2939 596 3017 Illius
616 2942 776 3043 cupiunt
794 2969 878 3035 ore,
895 2968 1061 3040 sonoque
1080 2943 1196 3040 loqui.

386 3048 487 3138 Quid
505 3048 665 3125 referam
684 3050 837 3127 iuvenes
856 3061 935 3125 tam
954 3054 1063 3127 docta
1082 3053 1263 3127 volumna
1282 3048 1512 3148 stupentes*
1535 3074 1539 3081 ‘·

492 3154 540 3230 Et
560 3158 749 3253 studium,
769 3185 844 3256 quo
861 3158 941 3233 eius
959 3162 1094 3234 mellea
1113 3160 1230 3234 verba
1248 3158 1409 3233 notant?

388 3263 490 3338 Haec
507 3276 659 3340 teneant
678 3267 790 3361 alioS,
809 3291 876 3341 nos
893 3268 1062 3365 praemia
1080 3266 1239 3366 pulchra
1257 3268 1432 3341 laborum
1539 3290 1541 3294 ’

491 3373 524 3445 Α
542 3396 682 3473 magno
700 3376 845 3473 patriae
863 3387 969 3472 patre
986 3374 1157 3474 profecta
1175 3384 1321 3449 vocant.

388 3478 544 3553 Viderat
563 3479 595 3553 is
612 3482 825 3559 Martine
844 3492 928 3556 tuos
946 3486 1080 3557 sudore
1100 3485 1309 3557 madentes
1421 3504 1425 3509 ·

492 3586 652 3681 Vultus,
671 3594 762 3671 dum
781 3600 945 3667 matrum
962 3591 1124 3691 pignora
1142 3614 1230 3663 oara
1248 3588 1350 3663 eolis.

389 3692 537 3769 Solibus
557 3705 595 3769 et
612 3698 748 3799 vigiles
767 3698 865 3775 vidit
882 3696 1109 3773 confundere
1128 3698 1258 3786 lunae,

492 3800 716 3881 Nominibus
735 3806 836 3882 Olius
855 3806 946 3879 dum
966 3812 1211 3879 monumenta
1228 3826 1350 3902 paras.

389 3907 494 3982 Talia
511 3908 653 3985 Bolla
670 3914 797 4013 gerit?
817 3938 884 3988 nec
903 3913 1027 3987 adhue
1047 3937 1115 3986 sira
1132 3908 1300 4011 praemia
1318 3906 1441 3981 virtus
1522 3929 1525 3935 ·

494 4016 613 4092 Tanta
633 4018 760 4096 ferat?
781 4022 899 4097 socios
918 4045 986 4093 nee
1004 4019 1270 4094 stimulemus‘?
1291 4015 1353 4089 111.

390 4119 511 4215 Quin,
530 4150 625 4225 age,
643 4153 711 4227 pro
730 4130 883 4222 merito,
902 4131 1004 4224 quod
1021 4152 1117 4226 puro
1137 4125 1418 4199 concolorauro
1439 4132 1513 4211 est,
1545 4165 1548 4175 ·

495 4232 619 4307 Aurea
637 4239 684 4310 de
703 4248 831 4311 nostra
849 4234 987 4311 sumito
1005 4237 1104 4310 dona
1122 4258 1247 4308 manu.
1527 4238 1530 4243 ’

392 4337 533 4413 Siccine
553 4366 622 4414 rex
641 4345 922 4434 Francisce,
941 4343 1108 4442 piostua
1125 4340 1251 4441 gratia
1268 4349 1392 4439 patres

387 4460 390 4463 ’
495 4447 597 4521 Dum
617 4448 721 4528 fovet
732 4487 746 4545 ,·
759 4454 911 4551 ignorat
928 4476 1022 4551 pene
1041 4462 1167 4531 tenere
1186 4447 1371 4523 modum‘?

392 4552 442 4626 Hi
460 4553 529 4629 tibi
550 4558 652 4651 quod
670 4561 823 4651 vivant,
841 4561 943 4655 quod
962 4558 1105 4657 possint
1123 4556 1275 4655 publica
1294 4552 1401 4653 regni

497 4661 703 4744 Commoda
721 4663 877 4743 facturis
896 4666 1043 4742 civibus
1061 4690 1139 4739 esse
1158 4687 1284 4762 pares:
1357 4679 1359 4687 ’

393 4767 473 4843 Ηο1
492 4794 664 4870 quoque,
684 4778 785 4874 quod
804 4775 907 4876 grati
927 4772 1094 4847 recolant
1107 4782 1179 4849 ,tue
1198 4794 1361 4845 munera
1374 4766 1539 4866 semper,

498 4879 703 4981 Acceptum
723 4882 914 4974 referunt,
933 4904 1061 4955 caesar
1081 4887 1223 4971 amate,
1241 4876 1322 4953 tibi.

393 4981 468 5058 Nec
487 4985 578 5061 satis
596 5003 653 5066 est
670 5005 789 5068 totam
808 4989 971 5089 scopulis
990 4998 1158 5062 avertere
1177 4985 1365 5085 puppim?

500 5091 577 5173 Nec
595 5103 685 5181 satis
703 5099 866 5177 immites
885 5091 1299 5197 composuissemus?
1340 5190 1341 5193 Ν
