4084 6000
843 1030 1046 1136 merie
1073 1034 1196 1119 ΧΗ.
1244 1100 1248 1110 .
1295 1073 1299 1091 ·
1444 976 1447 1001 ¹

385 1230 438 1297 Ad
473 1229 636 1301 loannem
670 1231 770 1319 sapt.
800 1243 996 1314 euossssu,
1018 1235 1212 1324 scholarum
1234 1202 1652 1326 procurrentemque,

385 1353 465 1422 dcem
481 1361 602 1425 erano
619 1357 768 1426 monete
786 1359 952 1444 triennio,
981 1360 1077 1428 noro
1095 1359 1203 1446 iisque
1232 1363 1456 1432 errorem
1482 1363 1655 1452 armoque

620 1481 668 1549 ud
679 1483 950 1569 prosequendam
968 1499 1087 1550 mcum
1104 1483 1285 1572 eliquatur
1308 1473 1446 1555 1835ss
1469 1499 1472 1511 ·
1517 1510 1521 1526 ·
1551 1511 1564 1525 ..
1584 1471 1601 1544 'l

437 1633 607 1769 llenique
625 1698 701 1748 non
721 1672 861 1750 fallunt
878 1685 1011 1751 vatum
1033 1675 1370 1774 praesag—ialdixi:
1467 1717 1471 1741 ·
1602 1689 1606 1733 ³

542 1779 766 1873 Grosser,
785 1783 852 1878 qui
871 1793 1023 1880 patrum
1043 1793 1133 1860 vota
1152 1783 1314 1875 tenebit,
1334 1784 1430 1862 erit,¹
1479 1797 1492 1859 l

437 1887 516 1962 lam
535 1888 640 1986 prius
659 1889 839 1981 emeruit,
858 1891 1055 1965 doctorum
1074 1889 1261 1988 praemia,
1279 1891 1426 1988 laur0e3
1442 1901 1448 1952 ἐ
1459 1902 1467 1931 ⁵
1494 1918 1526 1970 u
1553 1902 1573 1972 l¹

541 1997 622 2070 Iam
640 1997 745 2096 prius
762 1996 903 2093 eloquii
922 1998 1046 2073 clarus
1065 2000 1114 2072 ab
1132 2007 1212 2072 erte
1231 1995 1315 2072 fuit.
1336 2047 1346 2058 ,
1375 2009 1380 2020 '
1446 2046 1453 2078 .·
1479 2009 1499 2074 -l

436 2104 514 2177 lam
531 2103 637 2203 prius
655 2104 823 2180 advertit
839 2103 980 2179 securis
998 2104 1122 2178 lintea
1134 2105 1277 2201 ventis3
1538 2119 1541 2126 ’

542 2209 715 2286 Senserat
732 2210 822 2286 hinc
840 2209 972 2286 faciles
990 2211 1134 2288 credita
1152 2215 1294 2312 cymba
1312 2211 1437 2290 Notos.
1493 2236 1496 2245 ·

435 2317 482 2394 Et
500 2344 570 2393 ceu
587 2343 677 2392 vere
695 2343 795 2394 novo
813 2318 1025 2419 fragrantes
1044 2318 1241 2396 Chloridos
1262 2319 1362 2394 horti
1375 2356 1416 2410 ,·..
1468 2331 1488 2380 -t
1520 2361 1548 2423 ··3
1580 2341 1593 2402 l

538 2428 592 2500 Ac
611 2425 800 2528 Zephyris
818 2427 986 2502 titubans
1005 2427 1106 2502 laeta
1123 2451 1191 2527 per
1202 2451 1303 2503 arva
1322 2439 1430 2528 seges
1445 2470 1462 2497 -.

433 2533 581 2609 Gaudia
599 2559 758 2633 spesque
775 2534 896 2608 cient:
916 2535 972 2610 sic
990 2537 1121 2612 doctae
1140 2537 1253 2612 turba
1270 2535 1464 2614 Minervae
1559 2590 1562 2599 -
1596 2557 1599 2566 ⁴

538 2641 621 2718 Hoc
639 2643 734 2716 duee
752 2651 874 2716 castra
892 2652 1042 2740 petens,
1062 2641 1203 2740 gaudia
1222 2667 1380 2740 spesque
1398 2643 1513 2720 dedit.

434 2749 642 2824 Addiderat
659 2773 768 2824 curas
786 2749 943 2848 vigiles,
962 2774 1059 2844 quae
1077 2771 1167 2822 care
1185 2750 1358 2846 perenni,
1390 2807 1392 2816 .

537 2855 589 2933 Ut
607 2856 751 2956 patriae
770 2868 1027 2955 urgebamur,
1047 2857 1219 2956 germina
1239 2855 1341 2932 fonte
1362 2859 1494 2959 rigent.

433 2963 515 3040 Non
533 2965 655 3040 virtus
674 2965 796 3039 celata
813 2976 958 3040 manet:
978 2964 1075 3060 quin
1090 2964 1220 3043 sideris
1239 2965 1356 3043 instar
1461 3007 1465 3027 ι
1498 3035 1501 3046 ,
1591 2981 1594 2989 ·

537 3073 695 3148 Lumine
712 3072 836 3147 cincta
853 3098 941 3163 suo,
960 3072 1105 3147 lumina
1123 3083 1257 3147 cuneta
1277 3083 1387 3149 tenet.
1467 3143 1470 3151 .

433 3180 625 3256 Facundos
643 3179 862 3277 circumque
880 3180 970 3255 iacit
987 3205 1074 3255 cum
1093 3180 1177 3255 luce
1196 3181 1359 3272 calores,
1413 3233 1417 3250 .
1509 3237 1513 3253 .
1543 3226 1546 3233 ·
1568 3192 1593 3263 ζ.

535 3288 724 3364 Provocat
742 3299 779 3362 et
796 3288 939 3363 meritis
958 3288 1127 3387 praemia
1145 3288 1263 3387 digua
1281 3289 1369 3363 suis„

431 3394 478 3470 Et
496 3406 617 3471 tuate
635 3386 977 3471 Grosser'musis
995 3396 1128 3495 procul
1146 3395 1293 3495 inclyta
1312 3396 1433 3473 virtus

535 3502 745 3601 Conspicua
762 3504 885 3580 voluit
901 3504 1145 3601 promicuisse
1162 3500 1254 3580 face.
1486 3517 1489 3527 '

430 3611 540 3702 Inde,
558 3612 791 3711 gubernator
809 3636 957 3688 summa
974 3612 1041 3707 qui
1060 3634 1186 3709 puppe
1204 3612 1371 3701 sederes,

535 3718 726 3795 Accersita
744 3730 894 3816 patrum
912 3730 992 3793 tota
1010 3742 1147 3793 corona
1166 3728 1290 3797 vovet.

431 3825 489 3901 Sic
508 3850 644 3901 aurum
663 3838 700 3900 et
717 3851 908 3926 gemmas,
927 3827 1102 3901 decorent
1120 3834 1161 3899 ut
1180 3834 1328 3923 sceptro
1344 3826 1554 3920 ducesque,

533 3931 737 4007 Emeritam
755 3936 805 4007 ad
821 3934 945 4009 lucem
962 3945 1053 4007 vota
1069 3933 1253 4025 laborque
1271 3932 1440 4010 trahunt.

430 4040 490 4115 Sic
509 4040 638 4115 lumen
657 4042 804 4116 tumido
822 4041 968 4115 iactatis
987 4064 1170 4135 aequore,
1189 4036 1332 4115 nefors'

533 4149 678 4223 Praeda
695 4148 810 4223 maris
829 4147 989 4237 fuerint,
1007 4146 1174 4245 explicat
1193 4146 1269 4225 alta
1288 4146 1442 4223 Pharos.

428 4255 511 4353 lpse
530 4255 643 4331 etiam
662 4255 790 4347 Titan,
808 4279 1003 4356 sparsurus
1022 4254 1137 4329 latius
1155 4255 1238 4328 orbi
1260 4323 1264 4333 Α

533 4363 715 4455 Lumina,
732 4361 974 4438 flammiferos
993 4362 1103 4437 altior
1122 4371 1233 4463 urget
1251 4384 1377 4455 equos.

429 4470 572 4545 Felices
591 4472 689 4545 dono
707 4494 887 4569 superum
900 4471 1092 4566 'sortisque
1112 4468 1262 4561 lavore,
1343 4525 1346 4534 ·
1462 4548 1476 4571 ,Α
1508 4541 1513 4549 .

533 4578 707 4678 Principe
725 4576 782 4653 las
801 4579 940 4673 quibus
958 4587 1015 4653 est
1032 4578 1158 4653 dicere
1177 4578 1260 4653 iuro
1278 4575 1378 4649 loco!
1420 4645 1423 4657 ,

427 4685 505 4761 Vos
523 4685 673 4781 quaerit
690 4686 810 4761 veluti
828 4687 1041 4785 praesentia
1060 4685 1235 4776 numina,
1254 4682 1362 4757 vobis
1395 4696 1399 4705 “
1539 4725 1542 4735 ·

531 4793 659 4869 Turba
675 4794 800 4869 minor
816 4796 919 4869 flexo
936 4804 992 4869 est
1011 4791 1235 4895 obsequiosa
1254 4814 1367 4892 genu.
1435 4840 1437 4845 -

426 4900 503 4975 Vos
523 4901 672 4997 queruli
688 4901 791 4979 fusas
809 4901 983 4977 lacrimas
1000 4900 1141 4977 siccare
1158 4899 1318 4988 doloris,
1349 4944 1351 4951 ι

531 5010 761 5108 Promtaque
782 5008 1000 5087 vulneribus
1019 5008 1227 5109 pharmaca
1243 5004 1340 5085 serre
1359 5006 1477 5083 iuvat.
