4084 6000
969 659 1045 734 253

584 870 721 944 Famae
739 871 868 971 gravis
887 871 1115 969 inimicaque

586 978 761 1053 Sermone
779 978 914 1080 lingua
932 981 1095 1079 nomini3

584 1083 633 1158 Et
651 1110 780 1177 omne,
799 1090 900 1181 quod
920 1098 1014 1189 styx
1032 1089 1192 1189 protulit

585 1191 712 1268 Letale
730 1194 860 1294 generi
878 1195 1075 1271 hominum
1095 1197 1248 1272 malum.

896 1458 1031 1468 ι-ι--ι-ι-
1035 1459 1106 1468 ..η-...-

796 1719 908 1801 ode
936 1718 1194 1804 xxvm.

938 1941 1067 2010 Aestas.
1098 2021 1106 2032 ,

575 2119 735 2240 destuat
753 2166 928 2242 Phoebus
948 2168 1081 2266 rapido
1099 2169 1234 2242 calore.

576 2269 791 2366 Squallidae
809 2285 936 2350 noctes
955 2275 1072 2350 tacito
1091 2276 1222 2350 volatu

574 2377 815 2456 Contrahunt
832 2386 1005 2479 umbras3
1026 2384 1233 2478 rutilatque
1250 2384 1324 2458 late

994 2492 1133 2566 Purior
1151 2491 1247 2566 axis.

573 2593 603 2670 F
605 2595 777 2672 luctuaut
794 2596 902 2672 flavis
922 2601 1015 2674 bene
1034 2598 1137 2673 culta
1154 2598 1265 2697 spicis
1296 2655 1301 2664 .

446 2775 452 2786 ,
573 2703 696 2800 Arva3
715 2729 799 2804 spes
819 2705 949 2780 messis
968 2705 1129 2779 dominis
1148 2705 1295 2805 opimae
1430 2785 1433 2791 ,

572 2811 724 2886 Laetior
742 2813 884 2914 surgit3
907 2838 1016 2916 seges
1035 2813 1162 2912 ampla
1178 2813 1330 2909 iamque

994 2921 1106 2996 Falce
1124 2921 1321 2996 recumbit.

571 3026 671 3102 Hinc
690 3040 728 3103 et
746 3029 834 3104 hinc
852 3032 971 3105 nubes
989 3028 1171 3129 gravidae
1191 3054 1363 3105 serenum

573 3134 749 3211 Obruunt
767 3139 933 3229 coelum,
951 3146 1059 3211 tonat
1077 3147 1115 3211 et
1132 3135 1285 3238 fragore

571 3241 746 3337 Horrido,
765 3245 884 3319 silvae
902 3255 940 3319 et
958 3269 1090 3319 nemus
1109 3270 1218 3319 omne
1237 3256 1274 3321 et
1292 3256 1441 3322 antrum

996 3352 1113 3451 Saepe
1131 3353 1307 3455 remugit.

570 3456 773 3533 Fructibus
792 3460 889 3535 rami
908 3462 1047 3559 sapidis
1065 3461 1257 3555 laborant,

571 3563 692 3639 Utiles
711 3592 821 3642 succo
840 3568 955 3642 simul
974 3577 1012 3642 et
1032 3568 1187 3644 comatis

569 3672 742 3749 Brachiis
760 3677 932 3750 flammas
950 3675 1113 3750 nimium
1132 3676 1339 3777 propingui

993 3784 1182 3885 Frangere
1200 3783 1299 3858 solis.
1328 3822 1332 3827 ·

570 3887 688 3963 Dulce
707 3888 870 3965 defessos
888 3916 1057 3965 recreare
1076 3916 1205 3965 somno

570 3996 779 4098 Languidis
799 4010 902 4075 artus
920 3998 1142 4098 trepidantis
1162 4000 1284 4073 undae

524 4116 527 4129 ⁴
570 4105 628 4181 Ad
646 4118 778 4207 eaput3
799 4108 907 4182 dulce
920 4120 982 4182 est
1001 4104 1133 4182 vitreis
1150 4106 1272 4179 lavari

992 4215 1158 4314 Corpora
1176 4214 1357 4315 lymphis.

568 4319 740 4411 Quantus
759 4344 916 4399 aurorae
934 4322 1035 4397 nitor
1052 4332 1108 4396 est
1125 4322 1320 4422 quadrigis

566 4430 668 4504 Dum
687 4428 799 4530 fugat
816 4430 919 4505 coelo
937 4430 1052 4504 roseis
1069 4429 1258 4503 tenebras!

567 4536 618 4611 Ut
637 4540 723 4612 beat
740 4539 888 4636 plantas
907 4539 1085 4639 opulenta
1102 4536 1204 4637 grati

989 4643 1163 4719 Lacrima
1181 4642 1294 4717 roris!

566 4753 696 4828 Cultor
713 4751 914 4852 innuptae,
932 4752 1103 4843 iuvenis,
1120 4750 1332 4844 Minervae,

568 4861 672 4935 Tune
691 4869 769 4933 tam
789 4861 946 4933 blandos
966 4859 1120 4933 orientis
1139 4861 1254 4933 audes

567 4968 677 5042 Lucis
696 4970 851 5044 obtutus
871 4965 996 5065 tepido
1016 4970 1239 5041 recumbens

860 5084 863 5091 '
990 5076 1150 5149 Perdere
1168 5076 1295 5150 lecto‘?
