4084 6000
935 611 983 686 59

381 821 522 923 Nempe
541 822 678 898 horum
696 822 838 922 pariter
856 833 993 896 sortem
1011 822 1207 897 miseratus
1227 824 1414 918 iniquum,

486 930 554 1004 Ille
572 955 694 1004 novus
713 926 858 1005 miseris
874 930 1181 1027 ceuProcplcius
1200 943 1289 1004 orat.

381 1037 439 1111 En
456 1035 519 1110 hic
536 1037 652 1111 turba
668 1034 792 1108 minor
809 1027 978 1130 carisque
996 1033 1214 1135 parentibus
1232 1037 1342 1110 orba!

341 1210 343 1213 .
487 1141 688 1232 Quaerite,
706 1167 775 1216 cur
793 1140 873 1215 eius
891 1141 1014 1216 fronte
1033 1141 1183 1216 recessit
1200 1142 1352 1218 hiems?

383 1249 460 1323 Cur
477 1248 609 1323 solitae
628 1260 770 1332 maesto
789 1273 862 1322 non
881 1259 1037 1348 turgent
1058 1247 1343 1342 orequerelae‘?

486 1355 562 1431 Gur
579 1353 705 1447 animo
723 1353 867 1444 luctus,
886 1345 1038 1453 corpore
1057 1355 1219 1454 languor
1237 1358 1372 1430 abest?

382 1461 580 1553 Petrus,
596 1487 704 1548 amor
720 1473 864 1553 noster,
882 1460 1001 1553 dicet,
1018 1460 1243 1558 praesulque
1259 1475 1461 1560 paterque:

488 1567 651 1641 lnnubes
669 1567 777 1641 nobis
795 1567 958 1642 reddidit
974 1566 1053 1665 ipse
1070 1567 1159 1642 dies,

381 1672 485 1748 Haec
502 1673 589 1764 ubi,
606 1698 712 1748 sacra
730 1674 862 1748 cohors
880 1673 1017 1765 musis,
1034 1674 1238 1768 nudisque,
1256 1675 1457 1771 vicesque,
1522 1739 1523 1748 ,

486 1778 587 1870 Quid
604 1779 781 1878 prohibet
796 1793 907 1879 grato
925 1792 963 1854 te
980 1781 1122 1855 sociare
1139 1781 1284 1855 choro?

381 1884 505 1959 Audio
523 1893 610 1976 (nec
628 1886 766 1962 ludunt
784 1912 844 1960 me
862 1886 1008 1963 somnia
1025 1894 1143 1976 vana)
1162 1887 1318 1969 calentis

485 1992 653 2072 Pectoris
671 2004 877 2092 erumpunt
893 1993 1039 2069 fervida
1056 2005 1147 2068 vota
1164 1995 1232 2070 tui.

381 2097 568 2173 Praesulis
585 2098 679 2174 haec
697 2125 880 2198 magnum
895 2110 1070 2174 resonant
1087 2125 1298 2196 nomenque
1315 2105 1522 2197 decusque:

486 2202 561 2302 Nec
578 2206 698 2305 pietas
715 2205 842 2306 pronis
860 2204 1035 2304 displicet
1050 2205 1125 2280 ista
1142 2207 1250 2304 polis.

380 2308 465 2400 Qua
483 2310 609 2412 pylios
627 2312 798 2388 cumulas
816 2313 954 2388 devoto
971 2323 1121 2410 pectore
1139 2315 1254 2390 soles:
1381 2362 1385 2372 ι
1455 2330 1458 2338 “

485 2417 561 2493 Enl
580 2417 706 2519 pylios
724 2416 819 2494 felix
836 2418 961 2518 exigit
978 2414 1041 2493 ille
1060 2418 1149 2494 dies.
1441 2412 1445 2421 ’

380 2521 550 2600 Nominis
568 2538 606 2598 et
624 2522 747 2600 famae
764 2550 841 2620 qua
857 2525 974 2601 velles
991 2525 1046 2601 ire
1064 2525 1297 2624 triumphos:

485 2630 703 2706 Praevaluit
720 2631 821 2715 votis
837 2630 962 2730 gloria
978 2643 1109 2730 sponte
1129 2632 1241 2708 tuis.

379 2736 516 2810 Lustra
533 2740 645 2812 beata
661 2762 797 2816 voves:
815 2734 969 2815 iambis
987 2737 1062 2812 tria
1079 2738 1200 2834 quid‘l
1220 2737 1293 2814 nisi
1311 2763 1457 2835 semper

484 2844 609 2918 Aurea
626 2845 698 2918 sub
715 2854 821 2918 tanto
838 2845 1008 2943 praesule
1026 2846 1146 2920 lustra
1163 2847 1297 2922 fluunt.
1332 2897 1338 2912 .

379 2947 466 3043 Qua
481 2949 569 3026 licet
587 2973 706 3046 usque
723 2948 805 3049 pios
822 2950 996 3035 iaculeris
1012 2947 1172 3051 pectoris
1189 2951 1315 3053 ignes,

484 3055 662 3147 Qualibet
680 3058 750 3131 hos
767 3057 912 3156 superis
930 3083 1021 3152 cura
1039 3058 1183 3157 praeire
1203 3059 1287 3138 luit.

379 3164 502 3239 Prona
518 3163 625 3237 venit
642 3189 824 3262 superum
839 3164 892 3238 sic
909 3164 967 3239 illi
984 3164 1130 3264 gratia,
1143 3166 1256 3241 cuius

484 3270 677 3345 Coelicolis
696 3282 777 3347 tota
795 3296 901 3350 mens
917 3270 1056 3369 pietate
1073 3284 1196 3353 vacat.

379 3376 411 3452 Ο
428 3376 544 3451 tantis
559 3377 710 3479 praesul
726 3369 870 3479 meritis
887 3380 1075 3471 decorate,
1092 3380 1262 3474 Deoque.

482 3482 530 3557 Et
549 3481 630 3583 regi
647 3508 693 3557 ac
708 3483 853 3583 patriae
872 3483 1006 3559 Nestor
1023 3496 1146 3561 amate
1166 3485 1270 3562 tunel
1289 3566 1290 3571 ,

379 3588 534 3665 Conscia
551 3588 688 3663 virtuti
704 3614 749 3663 ac
766 3590 911 3665 meritis
922 3591 1013 3686 quis
1031 3604 1181 3690 pectora
1198 3616 1326 3667 sensus
1349 3672 1352 3681 A
1487 3646 1489 3675 ;

482 3696 653 3771 lllulcet'l
673 3722 771 3791 quae
789 3694 930 3771 fuerint
946 3698 1113 3795 praemia
1132 3698 1248 3798 digna
1267 3699 1392 3773 tibi?

379 3801 553 3876 Praemia
570 3799 689 3903 digna
706 3814 816 3901 parat
833 3804 980 3877 coelum
1002 3804 1118 3879 tibi:
1138 3818 1178 3879 at
1196 3806 1264 3879 illa
1279 3830 1429 3903 reposce
1453 3883 1458 3893 ,

482 3908 629 4001 Sosim,
648 3920 686 3982 et
704 3909 814 3984 terris
831 3909 915 3985 luce
932 3909 1174 4005 faveto-tua.
1412 3991 1415 3999 Ι

376 4014 437 4090 Sic
453 4025 601 4114 pastore
618 4040 723 4090 sacer
737 4041 854 4117 grex,
872 4016 925 4090 sic
942 4016 1145 4091 laetabitur
1161 4018 1244 4102 Irus
1380 4082 1383 4091 .
1468 4079 1471 4091 .

479 4119 586 4213 Tito,
602 4120 655 4194 sic
674 4120 794 4220 pietas
810 4121 1033 4221 relligioque
1051 4120 1184 4199 Numa.
1225 4124 1238 4135 “

374 4227 520 4302 Interea
537 4227 715 4304 memoris
732 4242 940 4304 succrescet
956 4254 1066 4304 musa
1083 4230 1279 4323 iuventae,

478 4334 529 4409 Et
546 4345 632 4409 ruet
649 4333 689 4407 in
705 4335 837 4409 laudes
855 4334 1165 4433 officiosatuas.

373 4438 532 4536 Quaque
551 4440 652 4515 tuis
670 4440 775 4517 tituli
793 4441 938 4518 meritis
956 4454 994 4518 ct
1010 4468 1201 4519 marmora
1218 4447 1392 4535 stabunt,

479 4548 522 4621 ln
541 4561 665 4645 partes
683 4546 809 4623 veniet
827 4574 901 4623 non
919 4550 1043 4643 minor.
1060 4550 1126 4624 illa
1144 4551 1235 4648 pias.
