4084 6000
1028 617 1101 691 114
1221 565 1228 586 ’

478 831 593 907 Arida
611 830 691 905 sive
710 828 792 905 sitis
810 828 925 905 suerit
941 833 1125 924 sedanda,
1143 832 1320 908 molestas

584 938 731 1014 Tollere
749 963 816 1014 sen
832 938 935 1014 labes
953 963 1107 1038 corpore
1125 938 1197 1014 rite
1214 939 1329 1035 velis3

477 1045 669 1124 Torrentis
685 1045 749 1121 vel
766 1043 864 1122 sorte
881 1047 986 1122 canis
1001 1056 1039 1122 te
1058 1045 1166 1122 stella
1182 1043 1319 1147 fatigat
1329 1103 1353 1138 ‚.

581 1152 715 1254 Aptior
732 1153 838 1228 haud
857 1152 992 1248 fuerit,
1011 1177 1089 1250 qua
1106 1154 1304 1247 recreeris,
1323 1177 1432 1250 aqua.

476 1259 627 1351 Quanta
644 1285 712 1360 per
729 1260 830 1336 hunc
848 1261 989 1360 patrias
1006 1261 1172 1338 illustret
1190 1262 1314 1363 gloria
1331 1272 1469 1354 terras,

580 1370 625 1444 Id
642 1368 892 1470 Szegedinum
911 1379 949 1443 te
966 1378 1063 1445 teste
1081 1370 1217 1466 cuique
1235 1369 1368 1467 liquet.

474 1475 557 1552 Non
575 1477 667 1573 quia
685 1487 722 1551 te
740 1476 881 1576 patulis
899 1476 1107 1554 circumdat
1126 1476 1307 1581 terminus
1326 1475 1449 1570 arvis,

431 1605 436 1613 ·
579 1585 704 1681 Atque
722 1593 790 1658 tuo
807 1583 905 1660 ridet
922 1584 1051 1660 mitior
1068 1610 1161 1661 aura
1180 1585 1281 1660 solo:

473 1691 546 1768 Sed
565 1690 657 1789 quia
674 1692 820 1791 piscoso
837 1693 1073 1792 praeterfluit
1091 1718 1201 1768 amne
1220 1692 1411 1784 Tibiscus‚

576 1799 628 1875 Te
647 1825 804 1900 peregre
823 1801 978 1877 veniens
995 1800 1117 1876 visere
1135 1800 1295 1897 quisque
1314 1799 1432 1899 cupit.

470 1904 581 1997 Quod
599 1907 740 1982 multas
758 1906 894 2006 opibus
912 1909 1058 1984 dudum
1076 1907 1314 2007 supetaveris
1332 1909 1467 1998 urbes,
1548 1983 1551 1992 Δ

574 2013 760 2112 Quodque
777 2015 975 2090 hominum
994 2015 1141 2116 gremio
1160 2015 1280 2091 millia
1298 2015 1420 2092 multa
1438 2013 1554 2088 loves.

472 2118 576 2196 Haec
595 2148 746 2220 quoque
765 2125 868 2219 quod
885 2126 1027 2198 ducant
1045 2121 1172 2198 felicia
1189 2133 1360 2223 tempora
1378 2121 1501 2213 vitae,

574 2231 782 2331 Acceptum
801 2228 1091 2323 referentium,
1109 2229 1278 2322 Tibisce,
1297 2229 1377 2305 tibi.

468 2337 710 2440 Grandisonis
728 2340 793 2412 sed
810 2363 884 2439 ego
901 2338 996 2414 haec
1013 2339 1237 2414 celebranda
1254 2337 1426 2433 relinquo
1445 2334 1653 2412 camoenis:

575 2444 710 2522 Nostra
728 2446 822 2521 solet
839 2445 944 2521 tenui
961 2446 1091 2522 ludere
1110 2448 1251 2549 cymba
1269 2443 1377 2520 freto.

964 2736 1092 2748 .....-„„„
1104 2737 1157 2750 ,ἢ

890 2978 1093 3085 megia
1121 2981 1208 3067 lv.

821 3202 951 3275 Montio
977 3204 1133 3275 vernolio
1163 3202 1271 3273 1827.

469 3369 594 3484 llerna
612 3407 691 3486 dies
708 3409 840 3503 rediit,
859 3410 988 3486 maiali
1005 3413 1105 3487 laeta
1124 3412 1266 3508 calore3

572 3517 729 3613 Iamque
747 3517 815 3600 diu
834 3519 1024 3616 squallens
1042 3529 1145 3595 terra
1162 3536 1369 3614 nemusque
1387 3515 1523 3594 virent.

469 3625 589 3700 Dulce
608 3634 749 3699 canunt
766 3626 959 3720 volucres,
977 3626 1087 3703 vivos
1106 3651 1257 3725 quoque
1275 3626 1440 3703 carmine
1459 3629 1577 3703 saltus

572 3731 759 3825 Mulcent,
778 3743 817 3807 et
834 3734 962 3828 nidos,
980 3735 1123 3835 gaudia
1140 3759 1277 3827 verna,
1296 3758 1394 3811 suos.

471 3838 648 3916 Flumina
664 3850 764 3915 tecta
781 3842 887 3942 prius
904 3843 1047 3944 glacie,
1064 3841 1291 3939 nivibusque
1309 3840 1507 3941 profundis

573 3949 819 4025 Praetereunt
836 3950 941 4051 ripae
960 3951 1127 4027 culmina
1144 3949 1221 4026 lata
1239 3974 1339 4025 suae.

468 4053 622 4147 Quaeve
639 4056 730 4158 gelu
749 4056 898 4158 riguere
916 4057 1003 4150 diu,
1021 4058 1119 4133 celer
1137 4082 1230 4132 arva
1248 4058 1417 4150 colonus,

577 4162 736 4239 Sedulus
755 4176 798 4240 ut
815 4164 940 4267 rigido
957 4190 1109 4241 vomere
1128 4165 1264 4257 sulcet,
1282 4164 1374 4241 adit.

468 4270 613 4349 Tondet
631 4280 740 4371 prata
757 4298 871 4371 pecus
888 4273 995 4348 molli
1013 4272 1151 4349 vestita
1169 4272 1312 4365 vireto,

575 4378 624 4456 Et
642 4379 775 4480 rapida
793 4380 932 4484 sociam
949 4380 1113 4457 transilit
1131 4404 1232 4481 agna
1250 4377 1353 4481 fuga.

468 4485 702 4584 Quocunque
721 4486 879 4588 aspicias
897 4485 1058 4589 genialis
1076 4486 1157 4563 vita
1175 4487 1353 4563 resultat:

573 4594 703 4670 Verna
721 4594 801 4671 dies
818 4595 970 4691 quidvis
989 4594 1043 4669 sic
1060 4619 1227 4670 recreare
1245 4595 1349 4675 solet.

469 4701 616 4795 Germe,
634 4711 679 4778 ut
695 4703 830 4779 exiliat
847 4700 976 4805 fulgor
992 4701 1208 4779 rutilantior
1225 4700 1355 4794 astris,

573 4813 657 4910 Ipse
674 4811 793 4887 etiam
810 4810 921 4888 Titan
938 4809 1068 4910 purior
1086 4834 1159 4884 axe
1178 4809 1320 4885 micet‘?

468 4919 521 4998 Ut
538 4915 675 5020 tepidis
693 4918 826 4995 volitet
843 4940 1069 5015 quacunque
1085 4916 1276 4992 Favonius
1293 4913 1383 5007 alis,

572 5026 628 5104 Ut
643 5027 798 5104 redeant
815 5025 939 5119 silvis,
956 5024 1229 5120 arboribusque
1246 5024 1404 5097 comae?
