4084 6000
1026 657 1100 732 148

422 869 582 945 Aemula
600 869 789 953 maiorum
806 867 974 962 meritis,
991 871 1163 968 nullique
1183 875 1346 946 secunda

421 976 687 1052 Pannonidum
705 977 744 1050 in
763 968 901 1075 patulis
919 977 1051 1070 terris,
1070 978 1220 1074 lateque
1238 1003 1306 1078 per
1324 982 1455 1055 orbem

420 1083 573 1176 Didita,
592 1096 630 1158 et
647 1083 808 1158 aeternis
826 1084 970 1182 patriae
988 1084 1065 1159 iam
1084 1085 1225 1160 credita
1243 1084 1361 1161 fastis.

421 1191 525 1266 Haec
542 1201 580 1266 te
598 1192 777 1283 delectat,
796 1216 893 1286 quae
912 1203 950 1266 te
969 1191 1195 1267 devinxerat
1214 1192 1322 1286 olim,

420 1299 521 1374 Dum
541 1298 623 1373 vice
641 1297 800 1373 nutricis
817 1309 945 1373 tenero
964 1324 1002 1372 se
1020 1299 1149 1374 iunxit
1167 1300 1321 1374 alumno

421 1405 743 1502 Auricomumque
763 1416 876 1503 caput
895 1405 1037 1490 libans:
1057 1431 1142 1481 mea
1160 1406 1324 1508 gaudia,
1342 1407 1462 1500 dixit,

420 1513 559 1606 Paule,
577 1514 690 1587 decus
709 1515 899 1609 quondam
917 1514 1092 1613 generis,
1110 1516 1181 1588 lux
1198 1514 1365 1614 plurima
1384 1515 1514 1606 tersia,

421 1621 641 1721 Regnorum
661 1616 843 1712 fulcrum,
862 1631 985 1694 custos
1004 1619 1255 1720 publicaeque
1273 1622 1424 1722 salutis,

420 1727 490 1802 Eia
507 1725 600 1800 meis
618 1725 771 1800 monitis
789 1728 953 1824 prudens
972 1752 1105 1826 parere
1124 1728 1274 1802 labora:

421 1836 517 1909 Ante
535 1844 645 1908 tuos
664 1834 792 1908 oculos
810 1833 999 1909 maiorum
1017 1834 1125 1909 vivat
1143 1835 1294 1936 imago,

418 1943 641 2040 Incorrupta
657 1938 752 2014 fides
770 1941 914 2040 patriae
933 1966 1027 2038 quos
1045 1941 1224 2016 iunxerat
1243 1943 1334 2017 olim

419 2049 467 2124 Et
484 2048 657 2149 patribus
676 2047 841 2147 patriae,
859 2048 974 2122 nullis
992 2073 1172 2123 concussa
1189 2049 1351 2150 periclis.
1478 2071 1480 2078 ’

420 2150 507 2230 Non
521 2155 607 2228 illos
624 2163 799 2254 poterant
818 2155 986 2257 Zephyri
1004 2166 1152 2230 mutare
1171 2153 1363 2248 faventes,
1393 2195 1395 2202 ·

274 2348 277 2368 ‚
414 2262 503 2339 Non
520 2261 644 2336 rabies
662 2261 806 2353 Martis,
821 2288 898 2336 non
915 2262 1060 2361 spicula
1078 2262 1187 2337 sortis
1206 2263 1369 2360 iniquae.

419 2369 609 2468 Nicopolis
627 2368 725 2444 vidit
743 2377 888 2459 caesos,
908 2380 945 2444 et
956 2370 1113 2462 ¹Varna,
1131 2369 1361 2466 Mohacsque

419 2477 642 2553 Esatorados
660 2475 742 2577 regi
761 2501 907 2575 semper
925 2475 1144 2576 patriaeque
1162 2476 1314 2568 fideles,

420 2583 531 2660 Vidit
548 2582 903 2685 NagyNezekeny:
924 2596 1058 2658 verum
1077 2609 1153 2660 non
1169 2585 1328 2660 abstulit
1345 2611 1473 2660 omnes

421 2690 508 2767 Una
526 2690 605 2766 dies
624 2691 782 2787 Fabios3
801 2701 883 2765 atro
901 2690 1054 2791 perfusa
1073 2716 1204 2766 cruore

419 2798 538 2898 Stirps
556 2798 689 2874 crescit
706 2797 849 2898 magis,
868 2808 982 2894 atque
1000 2798 1146 2897 magis,
1165 2797 1362 2895 ferturque
1379 2800 1512 2876 volatu

420 2905 620 2998 Sublimis,
639 2930 828 3006 supraque
847 2904 965 2997 nihil,
983 2905 1056 2980 nisi
1074 2930 1192 3008 regna
1209 2904 1401 3003 relinquit.
1581 3002 1584 3011 ι

419 3012 638 3106 Nicolaum,
655 3014 894 3108 Paulumque
911 3012 1056 3088 viden?
1077 3038 1152 3109 quo
1172 3014 1348 3089 scandere
1366 3017 1557 3111 quondam

419 3121 492 3195 Fas
511 3119 626 3196 fuerit
644 3120 821 3195 meritis?
841 3130 908 3195 aut
925 3120 1019 3217 quid
1038 3120 1255 3221 generosior
1271 3122 1373 3197 ultra

419 3226 655 3304 Praestiterit
671 3227 732 3302 vis
749 3253 892 3328 magna
909 3226 1057 3319 virum,
1075 3226 1241 3323 fideique
1259 3232 1424 3304 verenda

419 3336 628 3410 Maiestas?
648 3338 759 3410 ambo
776 3335 907 3426 bellis,
926 3334 1136 3431 animisque
1155 3333 1319 3435 fatigant

423 3442 606 3545 Odrysias
624 3442 743 3539 acies3
761 3444 873 3515 ambo
892 3452 980 3516 sunt
999 3440 1169 3516 fulminis
1188 3441 1307 3517 instar

421 3549 512 3642 His,
530 3575 625 3647 quos
641 3574 752 3624 caeca
770 3547 910 3640 fames,
928 3559 966 3623 et
982 3573 1090 3624 amor
1108 3549 1309 3625 sceleratus
1329 3548 1494 3625 habendi
1569 3590 1575 3595 ·

419 3657 462 3732 In
479 3656 649 3758 proprias
666 3667 816 3733 armant
833 3656 957 3730 clades
975 3655 1194 3755 patriaeque
1213 3657 1376 3732 ruinam.

523 3765 637 3841 Plura
655 3765 887 3839 locuturam:
908 3763 968 3840 Sic
986 3764 1167 3839 suavibus
1189 3790 1264 3839 una
1283 3788 1455 3838 sororum

418 3871 635 3969 Alloquitur
653 3872 777 3945 verbis
795 3878 870 3961 (est
888 3870 950 3945 cui
968 3870 1169 3970 prudentia
1187 3878 1341 3961 nomen)
1407 3922 1409 3929 s

419 3978 503 4053 Non
522 4005 614 4079 eg0,
632 3978 698 4075 qui
717 3990 844 4053 nostro
862 3977 912 4051 sit
928 4003 1084 4053 munere
1104 3976 1218 4053 ditior
1236 3978 1354 4068 alter,

419 4084 541 4176 Quam
561 4087 765 4177 PauluS,
782 4086 924 4185 patiar:
943 4084 1130 4181 quidquid
1149 4110 1342 4160 removere
1360 4082 1528 4183 profanis

419 4193 517 4268 Cura
535 4192 633 4267 mihi
651 4203 706 4266 est
724 4192 859 4284 oculis,
879 4190 1028 4282 faciam,
1045 4192 1117 4267 tibi
1135 4193 1252 4268 Paule
1270 4203 1473 4291 patescant.

419 4300 510 4375 Inde
528 4312 634 4375 catus
652 4297 769 4373 fueris
785 4299 932 4400 regnis,
952 4298 1175 4397 populisque
1194 4299 1349 4374 beandis

417 4406 588 4499 Arbiter,
605 4406 691 4481 inde
710 4428 847 4506 graves
864 4405 959 4496 iras,
978 4404 1144 4500 bellique
1161 4406 1369 4497 tumultus,

417 4514 528 4605 Quod
546 4513 667 4589 stricti
683 4523 871 4609 nequeant
888 4511 1028 4612 gladii,
1047 4526 1306 4608 nequeantque
1326 4511 1518 4602 cohortes,

417 4621 573 4699 Sedabis
590 4620 717 4695 valido
735 4620 919 4694 facundae
935 4617 1086 4693 vindice
1104 4617 1268 4719 linguae.

415 4729 680 4825 Accedensque
697 4752 802 4802 soror
819 4725 984 4801 iustitia:
1003 4729 1113 4801 trado
1132 4726 1338 4818 bilancem,

415 4828 566 4931 iuquit,
585 4860 631 4909 ne
649 4834 748 4910 livor
763 4844 830 4909 tua
846 4832 964 4933 possit
981 4858 1132 4934 carpere
1150 4832 1268 4925 facta,
1351 4888 1353 4893 s

415 4942 531 5035 Queis
549 4952 676 5019 noster
692 4966 891 5034 numerus,
909 4951 1079 5015 nostrum
1100 4942 1206 5037 queis
1224 4966 1362 5017 numen
1383 4938 1563 5017 adhaesit.

414 5049 642 5126 Numinibus
661 5047 775 5124 tantis
794 5048 914 5124 cincto
933 5074 1024 5123 mox
1045 5058 1175 5151 cetera¹
1187 5050 1298 5123 turba
