4084 6000
1021 665 1097 741 134

342 888 345 894 “
472 877 597 956 Maius
615 879 662 954 iit
679 876 838 971 mensio,
857 881 922 954 sed
940 878 1084 954 amicae
1103 879 1251 978 parcior
1269 903 1401 978 aurae,

578 984 747 1083 Quisque
766 985 848 1061 dies
866 984 1028 1078 etenim,
1045 987 1110 1060 vel
1127 1011 1242 1086 prope
1261 989 1422 1084 quisque
1441 991 1580 1064 madet.

472 1095 570 1171 Prae
589 1093 747 1189 reliquis
765 1117 863 1168 uuus
880 1093 1018 1185 caluit,
1038 1117 1121 1194 spes
1140 1106 1282 1191 quanta
1301 1093 1435 1170 futuril

577 1200 761 1275 Laetitiae
779 1210 818 1274 et
835 1200 937 1277 Maio
954 1201 1023 1297 qui
1041 1201 1137 1275 solet
1154 1225 1233 1276 esse
1252 1227 1366 1277 sacer..

473 1307 553 1383 Vix
570 1307 645 1383 Eos
664 1307 795 1383 rubuit
811 1308 940 1382 lucem
953 1319 1109 1382 vectura
1126 1308 1313 1408 cupitam,
1414 1343 1416 1350 ·

579 1416 637 1491 Ad
656 1414 797 1490 virides
814 1426 1018 1516 properant
1037 1415 1202 1515 plurima
1219 1421 1334 1492 turha
1351 1419 1495 1519 plagas.

476 1521 546 1598 Eia
563 1522 653 1598 boni
672 1520 795 1615 cives,
813 1525 952 1598 rubeae
970 1547 1017 1597 ne
1037 1522 1178 1604 credite
1197 1525 1293 1616 luci,

580 1630 687 1705 Illius
707 1653 861 1705 occasus
880 1655 990 1729 saepe
1008 1630 1148 1729 pericla
1166 1630 1266 1706 tulit.
1379 1691 1380 1698 ,

476 1732 617 1812 Mult'os
633 1736 757 1838 prima
776 1737 855 1813 dies
874 1739 1057 1814 laetantes
1071 1761 1232 1839 surgere
1251 1739 1370 1832 vidit,

582 1843 686 1939 Quos
704 1847 836 1921 eadem
853 1844 955 1919 vidit
972 1845 1050 1919 iam
1069 1844 1247 1920 cecidisse
1265 1845 1355 1921 dies.

476 1951 641 2027 Vincula
658 1951 698 2025 in
718 1975 853 2027 occasu
870 1952 1067 2045 manibus,
1085 1952 1321 2051 pedibusque
1338 1956 1482 2046 tulere,

583 2059 694 2137 Mane
713 2060 852 2160 quibus
870 2059 1005 2161 gaudii
1023 2059 1133 2159 signa
1151 2061 1287 2135 dedere
1305 2063 1374 2136 sui.
1392 2129 1394 2138 ,

479 2165 767 2266 Necquidquam
785 2193 941 2259 moneo,
959 2177 1176 2266 properant:
1196 2168 1290 2262 iam,
1307 2168 1458 2265 iamque
1478 2171 1641 2244 virentes

502 2292 505 2301 “
585 2275 797 2352 Credideris
813 2277 935 2351 valles
954 2263 1139 2349 laetitiam
1158 2273 1263 2351 haud
1281 2277 1439 2376 capient.

479 2383 552 2458 Iste
570 2385 683 2484 pedes
701 2385 850 2460 scandit
866 2384 964 2458 natis
983 2392 1021 2455 et
1038 2381 1200 2484 coniuge
1219 2407 1306 2459 cara
1372 2436 1395 2454 ..

585 2491 753 2590 Cinctus3
772 2505 812 2567 at
830 2492 900 2566 hos
918 2513 1071 2566 sursum
1090 2490 1193 2565 culta·
1210 2493 1400 2594 quadriga
1419 2496 1536 2577 vehit.

481 2600 639 2674 Aemula
656 2623 735 2674 vox
754 2600 834 2676 illic
852 2597 1236 2696 volucresimitatur3
1255 2612 1293 2674 et
1308 2600 1421 2677 isthic

584 2706 777 2809 Cymbala
789 2732 875 2782 oum
894 2706 1067 2809 cytharis
1085 2731 1171 2781 cum
1190 2705 1407 2805 fidibusque
1426 2722 1569 2786 sonant.

480 2814 572 2887 Pars
590 2827 884 2908 commessaturJ
898 2840 986 2915 pars
1004 2817 1180 2890 umbram
1199 2816 1348 2911 quaerit
1364 2817 1546 2915 amicam3
1613 2817 1615 2822 ’

582 2921 654 2996 His
673 2926 830 3023 praebet
846 2923 1000 2998 mollem
1018 2921 1169 3023 cespitis
1187 2922 1306 2998 herba
1323 2935 1461 3001 torum.

481 3030 557 3104 Par
574 3031 722 3106 cunctis
740 3032 910 3124 animus,
928 3032 1052 3105 lucem
1072 3031 1170 3105 hanc
1189 3033 1384 3127 traducere
1403 3033 1520 3127 laete,
1629 3096 1631 3101 .

586 3137 633 3213 Ni
653 3136 730 3212 fors
747 3138 933 3213 laetitiam
952 3136 1033 3213 fata
1051 3138 1202 3212 sinistra
1219 3150 1360 3214 vetent.
1413 3204 1415 3207 .

481 3242 563 3318 Non
583 3270 729 3345 semper
747 3244 886 3320 fallunt
904 3244 1075 3320 homines
1095 3245 1312 3346 praesagia:
1331 3251 1492 3323 necdum

589 3352 776 3455 Attigerat
794 3352 964 3427 medium
981 3352 1160 3429 Phoebus
1178 3353 1217 3428 in
1237 3378 1310 3428 axe
1328 3354 1439 3431 diem.

418 3488 421 3495 “
461 3483 465 3499 “
484 3458 537 3534 En
557 3451 766 3561 ferruginei
786 3462 993 3535 densantur
1009 3458 1049 3534 in
1068 3460 1221 3535 aethere
1238 3461 1379 3553 nimbi,

584 3566 633 3642 Et
650 3568 726 3644 late
744 3567 904 3642 rutilant
921 3569 1098 3644 flammea
1115 3568 1192 3643 tela
1209 3568 1298 3669 poli.

481 3674 577 3750 Sunt
596 3676 728 3774 procul
746 3675 841 3749 haec
859 3674 1057 3777 geminant
1075 3675 1197 3751 multi.
1217 3675 1292 3753 Nos
1312 3702 1403 3775 cura
1420 3678 1574 3753 bibendi
1596 3704 1599 3711 ⁴
1670 3706 1675 3719 ⁴

586 3781 772 3884 Occupet,
791 3794 828 3858 et
846 3781 1007 3882 dapibus
1027 3784 1077 3859 sit
1094 3785 1226 3884 procul
1245 3794 1329 3860 acta
1348 3783 1477 3860 fames.

480 3890 625 3966 Interea
643 3893 896 3991 adproperant
914 3895 1054 3984 nubes,
1074 3905 1110 3967 et
1128 3890 1284 3993 fulgure
1301 3893 1467 3969 mixtum

584 3998 677 4076 Fine
694 4010 797 4075 caret
814 4000 980 4092 tonitru,
998 4001 1134 4074 densus
1154 4010 1193 4075 et
1210 4001 1332 4075 imber
1350 4003 1467 4075 adest.

480 4106 681 4183 Laetitiam
699 4107 845 4206 rumpit
862 4118 1086 4206 tempestas:
1107 4107 1266 4205 quisquc
1284 4109 1434 4185 laborat
1543 4138 1546 4145 ’
1573 4170 1577 4179 .

513 4272 517 4278 .
585 4216 645 4290 Ad
663 4214 855 4313 proprios,
873 4214 1049 4289 madidus
1068 4215 1299 4313 quamlibet,
1317 4215 1371 4291 ire
1391 4218 1498 4291 lares.

480 4320 745 4397 Dum-fractae
763 4322 882 4396 nubes
901 4323 947 4395 de
966 4323 1158 4397 montibus
1177 4324 1297 4398 ardua
1315 4324 1473 4398 mittunt
1586 4386 1588 4391 .
1619 4322 1627 4399 .’

584 4428 783 4521 Flumina,
803 4452 966 4525 cumque
983 4428 1095 4503 undis
1113 4429 1268 4522 damna,
1282 4430 1427 4532 ‘pericla
1445 4440 1573 4507 ruunt.

480 4535 633 4613 Grando
649 4534 741 4612 >ferit
758 4535 875 4629 vites,
892 4534 1009 4611 imbri
1027 4559 1109 4636 spes
1127 4538 1348 4631 totaffcoloni
1460 4606 1463 4613 .

589 4641 797 4737 Sternitur,
816 4652 854 4718 et
871 4642 1004 4744 sepelit
1021 4642 1156 4720 florida
1173 4654 1283 4746 prata
1300 4646 1435 4721 lutum.

481 4750 702 4853 Diffugiunt
718 4751 890 4827 homines
908 4762 976 4826 aut
993 4762 1094 4827 tecta
1112 4753 1317 4849 domosque
1335 4762 1536 4852 petentes,
1582 4818 1585 4823 .
1632 4756 1636 4763 ’

587 4861 664 4936 Aut
682 4858 824 4960 rapidis
842 4858 966 4935 vitant
983 4858 1161 4960 proxima
1180 4856 1259 4935 fata
1276 4859 1379 4933 rotis.

460 5013 465 5025 s
484 4966 681 5066 Nusquam
698 4978 782 5042 tuta
799 4990 906 5042 mora
924 4977 998 5043 est:
1018 4966 1142 5062 subit,
1153 4979 1228 5044 aut
1245 4966 1346 5067 rapit
1363 4968 1473 5041 unda.
1484 4976 1656 5067 penates,

589 5074 811 5172 Assequitur
829 5076 969 5165 celeres
986 5086 1024 5151 et
1042 5076 1142 5175 rapit
1159 5076 1262 5150 unda
1279 5082 1394 5169 rotas.
1490 5094 1492 5145 ;
1531 5074 1535 5083 ’
