4084 6000
975 576 1023 649 19

422 786 471 862 Et
488 785 598 881 siqua
613 795 671 860 est
689 785 831 878 virtus,
849 809 945 881 quae
964 811 1112 861 summo
1131 788 1298 888 principe
1317 789 1434 890 digna
1452 802 1528 882 est,

528 892 624 968 Sunt
641 893 744 968 vitae
760 891 920 989 totidem
937 893 1094 969 numina
1111 895 1241 970 iuncta
1259 907 1359 972 tuae.
1442 961 1444 966 .

423 999 559 1076 Desine
577 1022 706 1075 musa:
726 999 864 1095 quibus
882 1001 939 1077 nil
955 1001 1077 1076 maius
1095 1001 1243 1076 viderat
1262 1005 1383 1096 orbis,

528 1105 622 1198 Quis
639 1106 747 1184 furor
764 1118 821 1182 est
836 1108 994 1182 modicis
1011 1119 1208 1184 attenuare
1227 1111 1387 1186 metris‘?

422 1215 502 1290 Iam
519 1239 636 1314 prope
653 1215 855 1290 conticuit:
874 1216 1000 1292 subito
1019 1241 1107 1291 cum
1126 1218 1264 1292 cernit:
1284 1229 1328 1294 ut
1346 1243 1484 1319 agmen

527 1321 745 1415 Virtutum,
764 1322 885 1397 maior
902 1321 1064 1416 vertice,
1082 1326 1196 1399 ducat
1216 1351 1333 1400 amor.

422 1428 584 1504 Incaluit
601 1455 743 1504 rursus.
770 1430 842 1522 Te,
860 1431 995 1505 divum
1011 1455 1123 1524 cura,
1143 1432 1291 1508 silebo?

527 1536 647 1611 Absit.
665 1537 782 1612 Amor
798 1537 880 1612 vati
897 1563 1012 1638 perge
1031 1537 1159 1613 favere
1177 1550 1255 1614 tus.

422 1641 520 1719 Nota
539 1669 691 1737 canam»,
709 1669 785 1718 non
800 1643 912 1741 ficta3
928 1645 1044 1720 fidem
1062 1671 1147 1720 mea
1164 1646 1331 1722 carmina
1349 1660 1528 1747 poscunt:

526 1748 758 1848 Nostraque,
777 1751 808 1826 si
826 1752 985 1845 meruit,
1003 1752 1134 1828 laurea
1152 1765 1251 1828 serta
1269 1754 1413 1856 chelys.

422 1858 557 1933 Terror
575 1870 677 1952 erat,
695 1859 799 1935 dirae
816 1859 975 1958 populos
994 1863 1161 1935 terrebat
1178 1861 1307 1961 imago

527 1965 661 2041 Mortis
678 1991 746 2065 per
762 1968 887 2058 sedes,
904 1966 1067 2060 Iasscre,
1086 1978 1176 2042 nata
1194 1978 1292 2042 tuas.
1350 2019 1351 2022 =
1374 1997 1376 2003 ·

424 2073 660 2172 Obstupuere
677 2073 869 2165 homineS,
888 2085 926 2148 et
944 2074 1037 2170 quid
1056 2073 1284 2176 fugiantque
1302 2087 1505 2174 petantque

528 2180 657 2280 Ignari
674 2190 713 2255 et
729 2180 867 2279 trepidi
885 2203 1025 2281 speque
1043 2192 1222 2278 metuque
1240 2182 1381 2257 labant.

423 2287 570 2368 Interea
587 2287 667 2366 ruit
683 2287 767 2379 hic,
784 2287 865 2370 ruit
882 2288 997 2381 alter,
1015 2313 1176 2385 cumque
1196 2301 1355 2364 ruentes
1386 2363 1388 2374 ,

529 2395 635 2470 Alter
652 2395 850 2493 conspexit
866 2393 981 2470 sunus
1002 2406 1040 2470 et
1058 2396 1136 2495 ipse
1155 2394 1239 2471 fuit.

426 2501 604 2579 Protinus
620 2501 807 2602 ingentis,
824 2505 927 2597 quod
945 2503 1100 2602 corripit
1118 2504 1255 2602 oppida
1273 2515 1310 2577 et
1328 2505 1464 2595 urbes,

529 2608 577 2683 Et
595 2607 673 2682 sine
691 2609 776 2709 lege
793 2620 922 2708 necat,
941 2610 1064 2685 didita
1082 2608 1185 2684 fama
1203 2609 1295 2684 mali
1313 2620 1378 2683 est.

424 2714 625 2792 Praevenit
643 2728 702 2790 ast
716 2717 815 2790 illud
831 2714 983 2790 famam.
1001 2717 1174 2801 Calcutta
1193 2715 1313 2791 furori

529 2823 802 2921 Primapatet3
819 2823 983 2924 Geylcn,
1007 2824 1177 2924 Bengala
1195 2833 1276 2898 tota
1294 2823 1424 2922 gemit.

424 2929 500 3007 Nec
517 2928 642 3006 minus
657 2930 898 3023 Hindustan,
916 2941 953 3005 et
970 2930 1100 3006 Persia
1118 2941 1261 3005 maesta
1279 2941 1480 3030 reposcunt

530 3038 658 3130 Cives,
677 3038 883 3112 antediem
902 3036 1040 3113 lunera¹
1053 3037 1175 3131 facta,
1193 3062 1290 3113 suos.

425 3144 508 3221 Non
526 3146 662 3221 Tanais
679 3144 875 3244 prohibet,
892 3146 1123 3246 rapidasque
1139 3138 1393 3247 Borysthenis
1410 3147 1554 3237 undae,

468 3267 473 3294 ²
514 3251 630 3343 Quin
647 3263 752 3352 petat
771 3252 808 3327 et
825 3253 1008 3353 glaciem,
1026 3254 1161 3329 Russia
1179 3264 1308 3345 vasta,
1327 3263 1445 3326 tuam.

425 3359 691 3455 Transiliitque
708 3359 873 3461 Tyram,
897 3360 1097 3456 vicinaque
1116 3386 1234 3461 regna
1251 3358 1406 3460 petivit,
1539 3414 1548 3435 ,

528 3466 738 3567 Belligeros
753 3467 895 3567 agitat,
913 3468 999 3565 plus
1017 3493 1168 3564 quoque
1186 3468 1330 3559 Marte,
1348 3465 1502 3541 Lechos.

425 3573 486 3649 Me
504 3574 702 3649 miserum!
721 3584 887 3669 quantus
905 3600 972 3673 per
990 3586 1141 3649 cunctas
1159 3574 1349 3651 Pannonis
1368 3598 1451 3647 cras
1509 3636 1516 3647 ,

531 3681 566 3755 It
584 3680 725 3755 metus!
745 3692 784 3755 et
801 3691 925 3757 metus
943 3692 1000 3757 est
1018 3682 1193 3757 maxima·
1206 3706 1319 3755 causa
1337 3679 1440 3755 mali.

425 3787 528 3863 Rura
545 3797 680 3886 petunt
696 3788 782 3879 alii,
799 3788 941 3881 muriS,
958 3789 1208 3883 domibusque
1227 3787 1387 3882 relictis3

531 3895 688 3971 Securos
706 3894 774 3970 alii
792 3920 831 3968 se
848 3894 929 3969 fore
948 3896 986 3970 in
1005 3898 1099 3970 urbe
1118 3906 1265 3994 putant.

426 4000 526 4093 Quid
544 4000 657 4076 facies
675 4002 974 4077 Fra'ncisce‘l
993 4012 1109 4076 tuae
1127 4001 1204 4075 iam
1221 4000 1397 4100 proxima
1415 4000 1491 4083 sedi

529 4109 695 4184 Intentat
713 4134 844 4183 saevas
863 4109 1025 4183 exitiosa
1043 4109 1175 4183 minas.
1233 4184 1237 4191 ,

425 4216 485 4291 Ah
502 4215 613 4316 fugel
632 4240 783 4312 quaque
801 4226 929 4314 potes,
947 4218 1171 4291 metuendae
1189 4226 1235 4289 te
1254 4214 1356 4313 eripe
1377 4214 1508 4288 morti:

530 4323 702 4398 Plurima
717 4348 808 4397 nam
826 4333 938 4398 tecu
949 4350 998 4399 m.
1006 4333 1155 4419 statque
1174 4321 1350 4417 caditque
1368 4322 1478 4395 salus

426 4432 503 4507 Aut
521 4428 620 4505 tibi
637 4454 714 4503 non
730 4429 898 4505 metuis?
918 4441 1087 4522 metuas,
1106 4429 1317 4521 carissime,
1336 4427 1464 4502 nobis:

530 4538 605 4611 Istc
623 4546 747 4614 metus
765 4546 871 4611 tanto
889 4538 1058 4637 principe
1077 4538 1216 4638 dignus
1235 4536 1316 4611 erit.

427 4644 491 4720 Nil
507 4668 600 4745 ago:
619 4669 695 4719 non
711 4642 895 4742 trepidat,
913 4670 982 4721 nec
1001 4644 1153 4721 sedibus
1171 4643 1253 4717 exit
1269 4639 1413 4721 iisdem.

531 4750 581 4826 Et
596 4760 725 4825 tutum
741 4750 949 4843 celebrant,
967 4775 1081 4847 quem
1099 4762 1223 4852 petat,
1242 4774 1319 4824 esse
1338 4749 1483 4823 locum:

428 4858 622 4959 „Ergone,
639 4880 733 4952 quos
750 4857 872 4955 patrio
891 4858 1118 4958 complector
1135 4882 1283 4949 amore,
1301 4856 1543 4955 relinquam?

531 4966 610 5041 Aut
626 4961 748 5062 capiet
764 4976 939 5058 cunctos,
956 4991 1032 5062 quo
1050 4964 1169 5057 ferar,
1187 4964 1252 5039 ille
1269 4964 1421 5143 locusg*
