4084 6000
934 646 983 724 93

384 863 544 938 Ferreus
562 871 617 936 est
637 860 800 936 lacrimis
818 859 979 936 fratrum
996 859 1063 958 qui
1081 860 1232 935 nomina
1250 863 1348 936 clara

487 967 696 1043 Mereatur:
716 994 845 1044 carum
864 970 896 1044 si
911 970 1019 1044 iuvat
1038 993 1115 1043 esse
1132 979 1288 1070 patrem.

384 1075 467 1152 Non
484 1075 538 1149 sic
557 1077 715 1151 emeruit
730 1075 947 1152 Proculeius
965 1076 1095 1150 virere
1114 1101 1284 1176 semperp

488 1183 681 1258 Fratribus
699 1185 850 1258 addixit
865 1187 982 1279 ¹corda
998 1193 1155 1285 paterna
1173 1185 1260 1258 suia.

385 1289 531 1366 Ultima
549 1317 641 1389 pene
661 1291 744 1365 illos
763 1291 925 1368 insontes
943 1291 1078 1392 pressit
1096 1283 1262 1394 egestas,

487 1397 602 1493 Villa,
616 1402 763 1492 domus,
782 1396 911 1499 populi
929 1401 1068 1501 praeda
1085 1397 1243 1474 furentis
1263 1410 1377 1472 erant.

385 1504 518 1580 Nullus
535 1518 616 1582 erat
634 1518 770 1581 sortem
789 1507 1005 1600 miseratus,
1024 1508 1149 1581 nullus
1166 1506 1313 1607 egenis,

490 1611 564 1703 Qui
581 1613 767 1716 placidam
785 1615 925 1690 Romae
943 1616 1095 1689 tendere
1113 1626 1218 1689 curet
1235 1639 1353 1716 opem.

386 1721 452 1794 llle
469 1723 610 1813 bonne,
628 1720 748 1813 dixit,
766 1748 863 1818 quae
882 1734 967 1797 sunt
986 1745 1089 1814 mea,
1107 1723 1244 1796 credite
1261 1721 1369 1796 vobis

489 1829 665 1929 Propria:
685 1829 737 1902 sic
756 1827 874 1904 frater
889 1829 1069 1904 fratribus
1087 1829 1151 1904 ille
1170 1828 1262 1904 suit!

386 1934 514 2012 Talem
532 1947 589 2029 te,
608 1936 806 2029 Dienes,
825 1937 957 2012 merito
974 1961 1199 2012 veneramur
1217 1945 1402 2028 amantes,

490 2043 619 2119 Talem
636 2043 673 2119 t'c
691 2045 826 2118 merito
847 2044 948 2120 fama
965 2045 1105 2119 diserta
1119 2043 1242 2119 vehet.

387 2153 443 2228 Tu
462 2151 564 2226 mitis
581 2150 825 2251 placidusque
842 2163 926 2227 tuos
945 2163 1185 2248 teneramque
1204 2153 1398 2227 iuventam

489 2260 757 2355 Musarumque
775 2262 884 2334 aedes
901 2271 1073 2357 tectaque
1093 2272 1219 2334 nostra
1236 2257 1347 2360 regis,
1520 2333 1523 2342 ,

387 2368 499 2441 Aroes
518 2369 692 2462 quodque
710 2366 834 2460 nefaS,
852 2393 1021 2450 removes
1039 2367 1171 2468 procul
1189 2393 1296 2442 omne
1315 2364 1536 2466 profanum,

490 2474 668 2574 Princeps
686 2489 776 2549 cura
793 2475 865 2551 tibi
883 2488 937 2550 est
955 2501 1041 2550 cum
1059 2475 1199 2574 pietate
1217 2475 1327 2550 Deus.

386 2583 476 2658 Inde
495 2582 596 2656 nitor
612 2583 748 2655 nostris
766 2583 909 2657 accedit
926 2583 1072 2682 saepius
1091 2582 1185 2676 aris,

492 2690 671 2764 Aemulus
689 2689 775 2765 inde
792 2691 865 2792 piis
884 2690 1059 2766 cordibus
1077 2693 1187 2764 ardor
1204 2690 1309 2763 inest.

387 2795 444 2871 Tu
464 2808 626 2895 pateres
644 2797 808 2889 miseris,
826 2795 975 2875 afflictis
994 2799 1101 2872 dulce
1119 2797 1301 2871 levamen.

491 2903 592 2996 Quid
610 2905 752 2979 mirer‘?
771 2905 803 2979 si
819 2914 857 2979 te
875 2929 1042 2979 summus
1059 2914 1098 2978 et
1114 2903 1212 2979 imus
1231 2911 1342 2978 amet.

389 3011 584 3089 Fluctibus
602 3039 622 3087 e
640 3012 773 3088 mediis
791 3025 957 3115 ereptam
974 3014 1047 3088 rite
1066 3013 1251 3105 carinam,

493 3120 647 3196 Omihi!
667 3145 781 3216 qnam
799 3133 881 3196 tuto
898 3120 1026 3215 litore,
1045 3146 1148 3213 care,
1166 3132 1279 3194 tenes.
1392 3138 1396 3145 '

388 3227 478 3302 Vita
496 3228 607 3328 gregi
624 3239 770 3321 tenero,
788 3231 882 3305 duce
900 3241 958 3322 te,
976 3228 1159 3324 sociisque
1176 3226 1338 3302 revixit:

491 3335 658 3410 Candida
675 3362 741 3411 nos
759 3336 903 3413 circum
921 3360 1071 3436 paxque
1090 3335 1269 3432 quiesque
1286 3336 1402 3409 volat.

388 3440 470 3515 Non
488 3468 716 3539 quemquam
735 3445 953 3519 exanimant
971 3454 1143 3543 caperata
1159 3441 1282 3517 fronte
1302 3440 1492 3537 querelae,

492 3550 647 3625 Munere
666 3551 822 3647 quisque
840 3554 975 3628 lubens
992 3552 1095 3648 itque
1113 3551 1284 3645 reditque
1304 3548 1381 3623 suoss

389 3656 592 3733 Commoda
610 3659 702 3753 quid
718 3660 952 3734 memorem‘l
972 3684 1067 3755 quae
1087 3682 1195 3732 curas
1213 3658 1291 3756 ipse
1310 3668 1484 3731 tuorum:

470 3818 473 3821 -
492 3764 573 3840 Hoo
591 3766 662 3841 tibi
679 3792 753 3855 non
771 3776 872 3841 aetas
890 3768 1037 3841 viderat
1055 3767 1132 3840 ulla
1150 3789 1288 3864 parem.

390 3870 473 3962 Quo
491 3873 659 3947 studiosa
677 3874 809 3948 cohors
826 3875 895 3949 tali
913 3876 1065 3948 ductore
1084 3871 1228 3947 feratur

408 4028 414 4040 ι
492 3980 535 4053 ln
553 4005 678 4055 musas
696 3982 842 4077 animo,
860 3982 943 4078 quis
961 4006 1132 4056 resonare
1152 3980 1292 4075 queat?

388 4084 507 4160 Testis
525 4112 634 4162 musa
650 4113 734 4164 mea
752 4101 826 4183 est,
845 4093 938 4165 duce
955 4100 992 4164 te
1011 4112 1107 4185 quae
1126 4097 1237 4177 nata,
1256 4084 1406 4193 serente

493 4193 555 4287 Te,
573 4196 689 4271 laetos
708 4200 814 4271 ardet
831 4196 986 4272 fundere
1006 4221 1115 4295 saepe
1134 4216 1251 4268 sonos,

391 4299 492 4374 Haec
510 4305 640 4377 eadem
659 4306 751 4379 dum
767 4304 862 4379 festa
880 4304 950 4379 tibi
968 4305 1039 4378 lux
1056 4302 1210 4393 emieat,
1230 4298 1330 4374 eoce'l
1384 4378 1386 4382 ,

496 4408 703 4511 Stelligeris
721 4423 896 4511 properat
912 4424 1003 4487 vota
1020 4412 1129 4485 litare
1148 4408 1261 4507 polis:

390 4514 486 4590 Vive
504 4516 604 4611 Deo,
621 4519 784 4617 patriae,
802 4519 910 4593 sociis
927 4520 1182 4611 iuvenumque
1201 4524 1391 4607 catervae,

495 4624 645 4700 Cunctis
664 4628 807 4726 quippe
825 4627 967 4727 placet,
986 4650 1147 4722 caraque
1164 4622 1245 4698 vita
1263 4634 1330 4696 tua
1349 4616 1421 4692 est!

809 4917 1124 4929 ——--.---—--——-
