4084 6000
956 615 978 688 9

852 725 1063 739 -ψ

380 827 575 902 Festinant
590 847 760 923 proceres
778 850 946 921 auroque
965 837 1141 923 ostroque
1158 829 1357 920 micantea,

485 933 657 1009 Succedit
674 931 772 1006 laeto
790 933 926 1007 nobilis
944 935 1037 1007 ordo
1055 937 1188 1034 gradu.

381 1041 457 1114 Par
473 1039 643 1114 studium
659 1038 824 1114 cunctis:
842 1039 925 1140 regi
942 1041 1161 1139 patriaeque
1178 1039 1307 1116 fideles

485 1146 597 1220 Ferre
614 1144 758 1218 animos
776 1157 814 1220 et
831 1170 939 1247 opes,
957 1158 1130 1245 pectora,
1146 1146 1243 1222 ferre
1262 1173 1405 1222 manus.

381 1253 431 1326 At
447 1251 560 1326 simul
579 1252 754 1326 exultant
770 1254 839 1326 tali
857 1255 1078 1327 concredere
1097 1255 1270 1344 clavum,

488 1359 559 1436 cui
576 1382 682 1432 sacra
698 1359 849 1460 relligio
867 1359 1025 1456 iuraque
1044 1358 1126 1434 fixa
1144 1367 1305 1435 manent.

382 1464 617 1541 Scilicethas
635 1477 774 1540 norunt
792 1465 960 1566 duplices
979 1465 1129 1566 fulgere
1147 1467 1362 1558 columnae,

485 1573 644 1648 Publica
660 1572 767 1667 queis
783 1573 898 1646 nixae
915 1596 1049 1669 resque
1068 1574 1243 1669 salusque
1261 1574 1404 1673 vigent.

381 1676 756 1757 Deficiunt‘lluerint
774 1679 886 1774 (quid
903 1678 1054 1770 enim'l)
1073 1679 1145 1754 nisi
1162 1679 1280 1754 lustra
1298 1680 1486 1772 ferarum,

486 1785 603 1881 Siqua
620 1786 742 1860 colent
759 1785 931 1860 homines
949 1785 1133 1885 compita,
1151 1810 1290 1886 regna,
1310 1790 1457 1861 domus.

380 1891 603 1992 Migrabunt
620 1892 743 1992 lagae,
761 1895 920 1991 populos
938 1894 1094 1967 Astraea
1114 1894 1318 1989 relinquet,

365 2019 369 2024 ’
485 1999 606 2074 Exsul
622 1999 694 2073 erit
710 1999 794 2073 rivo
813 1999 1009 2100 sanguinis
1028 2011 1129 2074 emta
1146 2001 1261 2096 quiea.

382 2105 556 2205 Insurget
575 2106 698 2180 rabies
712 2105 885 2180 humano
900 2107 1001 2181 laeta
1019 2102 1169 2203 cruore,

485 2210 649 2286 Vincula
665 2225 909 2310 rumpentur,
927 2223 1074 2312 sceptra
1091 2213 1292 2308 thronique
1311 2226 1429 2287 ruent.

381 2317 506 2408 Quam
523 2321 618 2392 bene
635 2320 850 2394 consultum
867 2331 923 2394 est
940 2320 1110 2420 populiS,
1135 2322 1225 2393 dum
1244 2331 1377 2394 mutua
1395 2321 1510 2394 nectit

485 2425 670 2525 Principis
687 2435 726 2500 et
743 2425 838 2500 civis
857 2439 1021 2522 mentem
1038 2426 1285 2520 animumque
1303 2426 1412 2500 fides!

381 2529 564 2605 Efflorent
580 2543 700 2625 artes,
718 2534 943 2608 commercia
959 2545 1045 2608 tuta
1062 2535 1257 2624 coluntur,

486 2637 613 2714 Mollia
633 2662 785 2713 securae
804 2650 974 2740 tempora
991 2639 1095 2740 pacis
1113 2649 1215 2720 eunt.

382 2744 567 2844 Hungara
585 2769 679 2846 gens
696 2746 827 2818 multis
844 2746 916 2820 hoc
934 2757 1090 2821 noverat
1106 2745 1253 2846 inclyta
1270 2746 1390 2836 bellis,

485 2851 591 2926 Dura
607 2852 772 2948 quidem,
789 2863 859 2944 ast,
877 2864 978 2926 aetas
994 2864 1145 2953 postera
1154 2907 1173 2942 ,--
1182 2861 1293 2925 cauta
1311 2852 1378 2925 tui.

382 2958 535 3067 Arripq,
552 2959 720 3051 dicebat,
739 2983 876 3060 genere
894 2971 932 3034 et
948 2959 1088 3035 virtute
1106 2958 1262 3033 celebris
1353 3000 1358 3005 -

487 3066 666 3166 Arpad!
685 3066 821 3141 audaci
838 3067 991 3165 publica
1009 3065 1115 3142 frena
1133 3091 1260 3140 manu.

381 3172 482 3247 Dum
499 3185 567 3247 tua
583 3171 781 3273 progenies
797 3173 933 3252 vitales
950 3174 1119 3248 hauserit
1137 3198 1268 3264 auras,
1348 3192 1350 3197 ·

485 3280 694 3381 Hungarus
711 3291 866 3355 aeterna·
880 3306 949 3355 vos
967 3280 1106 3380 pietate
1126 3280 1232 3353 colet.
1379 3378 1380 3381 Ἴ

377 3385 431 3460 Et
448 3388 561 3484 bene3
581 3398 683 3462 certa
699 3411 834 3461 manus
853 3387 978 3461 dubiis
996 3389 1212 3461 moderetur
1228 3386 1406 3477 habeniS,

487 3492 686 3593 Neglectas
703 3494 829 3593 potius
847 3494 887 3567 ni
904 3494 1053 3568 fluitare
1070 3494 1185 3567 voles.

381 3598 498 3673 Plura
516 3600 669 3696 quidem
690 3600 888 3699 impellant
900 3603 1179 3701 praegrandem
1197 3601 1353 3673 carbasa
1372 3598 1519 3691 navim,

487 3706 604 3802 Siqua
620 3706 734 3781 vehet
751 3731 912 3800 merceS,
931 3708 1022 3781 Inde
1040 3719 1200 3798 remote,
1220 3718 1325 3780 tuas:

381 3813 463 3911 Ipse
483 3824 610 3887 tamen
627 3813 795 3915 Tiphys,
814 3816 940 3888 stellas
958 3814 1026 3911 qui
1043 3817 1217 3888 observet
1234 3812 1397 3903 amicas,

486 3918 561 4010 Qui
578 3919 714 4021 vigilet
730 3919 852 3994 saevis
868 3921 1066 4012 fluctibus,
1083 3944 1181 3993 unus
1199 3919 1281 3994 erit.
1442 3924 1444 3931 '

380 4025 486 4102 Unus
505 4026 545 4099 in
562 4026 729 4101 humano
746 4028 939 4127 praecellit
956 4051 1110 4125 corpore
1127 4036 1281 4117 verteX,

485 4132 525 4207 Si
542 4133 668 4232 plures
684 4134 814 4207 videas
830 4191 840 4226 ,
856 4133 978 4229 quid‘l
997 4133 1071 4207 nisi
1089 4144 1256 4207 monstra
1272 4132 1391 4207 vides.

388 4240 445 4313 An
463 4264 539 4314 non
557 4250 615 4331 et,
631 4239 796 4336 reliquos
813 4239 881 4335 qui
898 4240 1017 4314 vincit
1034 4238 1117 4314 luce
1134 4238 1321 4339 planetas,

487 4345 570 4437 Sol,
588 4347 731 4420 cunctis
747 4346 869 4421 maior
885 4347 1070 4439 nubibus,
1088 4371 1187 4421 unus
1206 4348 1311 4421 adest
1319 4346 1340 4419 ‘l

381 4451 552 4548 Cumque
569 4452 767 4527 hominum
783 4452 908 4528 varias
927 4452 1119 4553 disiungat
1138 4453 1263 4552 opinio
1281 4463 1442 4543 mantea,

487 4560 718 4655 Insanusque
735 4558 880 4633 animos
897 4559 1045 4660 saepius
1063 4571 1186 4634 aestus
1205 4572 1314 4659 agat:

254 4736 262 4745 .
382 4666 486 4757 Una,
504 4665 641 4757 velim,
659 4664 792 4739 mediis
809 4665 1046 4741 maiestas
1063 4666 1215 4740 sedibus
1233 4665 1348 4755 adsit,

486 4774 667 4848 lactatam
685 4771 832 4871 placida
848 4796 944 4868 quae
962 4784 1069 4873 regat
1087 4783 1165 4847 arte
1183 4784 1312 4846 ratem.

381 4880 484 4955 Haec
502 4890 654 4954 steterat
670 4878 840 4979 patribus
857 4877 951 4953 felix
969 4879 1152 4953 sententia
1170 4879 1322 4952 nostris:
1418 4872 1420 4875 ’

486 4986 586 5062 Num
603 5011 672 5061 nos
689 5011 712 5061 a
729 4985 879 5086 magnis
894 4988 1161 5085 degeneramus
1180 4986 1290 5059 avis?-
