4084 6000
479 934 591 1012 Vidit
608 934 648 1008 in
665 927 865 1034 amplexus
882 933 962 1009 ima
979 932 1119 1034 pietate
1137 941 1310 1008 ruentem

532 1060 789 1137 christiadum
806 1059 946 1135 summi
962 1058 1141 1161 principis
1160 1068 1275 1156 atque
1292 1059 1428 1158 patris!

478 1237 555 1331 Qui
574 1238 657 1315 fora
675 1263 780 1315 saera
798 1240 906 1316 novis
924 1239 1047 1314 titulis
1066 1248 1104 1314 et
1121 1238 1270 1316 iuribus
1289 1249 1442 1316 auctum
1546 1225 1550 1236 ¹

531 1365 583 1441 Te
601 1365 699 1463 vidit
716 1363 822 1441 fastis
839 1367 1041 1442 inseruisse
1061 1363 1156 1441 suisl

479 1543 551 1620 Sed
570 1569 667 1641 quae
685 1569 794 1620 musa
813 1546 912 1645 potis
931 1544 1049 1621 fuerit
1066 1567 1239 1620 resonare
1258 1541 1406 1620 favores

532 1670 674 1748 Virtuti
694 1673 900 1774 adpositoS‚
917 1697 1057 1775 magne
1074 1671 1210 1749 Scito
1221 1671 1338 1748 vszk
1347 1697 1398 1775 y,
1415 1670 1533 1747 tuae?

477 1851 553 1927 Aut
570 1851 717 1948 aliquid
735 1850 870 1946 fuerit,
889 1854 952 1928 oui
970 1844 1116 1928 eoelum
1134 1850 1313 1953 plaudere
1332 1852 1533 1952 pulchram
1564 1887 1566 1894 ,

529 1979 683 2054 Praeter
700 1979 903 2078 virtutem3
922 1981 1033 2055 cuive
1052 1978 1180 2055 favere
1200 1981 1344 2078 queat?

581 2261 663 2346 loto
681 2282 726 2345 ex
744 2260 895 2358 eluatur
912 2281 1000 2346 snae.
1013 2261 1216 2347 Eminentia
1235 2259 1426 2346 vtrlntllns.

450 2457 534 2537 Non
552 2487 644 2564 ego,
662 2436 894 2565 praesidinm
912 2474 1067 2559 vatum,
1084 2475 1142 2558 te,
1161 2463 1333 2557 Phoebe,
1351 2465 1516 2564 rogabo,

400 2617 408 2630 ³
527 2587 562 2664 N
563 2614 604 2664 eo
622 2613 754 2691 preoor
771 2589 983 2683 auxilium,
1000 2593 1115 2667 turba
1133 2613 1300 2683 novena,
1318 2598 1427 2666 tuum

447 2767 594 2844 Fecerit
610 2767 705 2862 hoo,
723 2769 785 2844 oui
803 2791 903 2844 vana
920 2770 1092 2869 placent,
1111 2769 1173 2844 oui
1192 2777 1294 2845 oerta
1312 2769 1470 2844 canendi

526 2893 722 2992 Causaque
740 2891 933 2970 sufficiens
953 2893 1203 2992 materiesque
1221 2896 1335 2970 deest.

447 3073 532 3150 Huo
552 3076 660 3167 ades,
679 3097 701 3148 o
720 3073 815 3153 eoeli
833 3073 1092 3175 pulcherrima
1109 3073 1208 3149 filial
1226 3070 1350 3152 virtus
1362 3072 1381 3168 ,'

525 3197 583 3276 Tu
601 3199 697 3276 mihi
717 3200 877 3276 sollicito
905 3210 950 3277 tu
966 3225 1053 3276 mea
1072 3203 1215 3303 plectra
1232 3226 1353 3277 move.

447 3379 504 3457 Tu
522 3379 596 3455 nisi
613 3405 683 3480 par
701 3379 857 3455 miseros
876 3380 1054 3455 mortales
1074 3382 1153 3456 sola
1171 3384 1282 3458 beare
1296 3405 1360 3478 ¹es3

525 3504 730 3584 Caelitibus
748 3531 837 3582 vere
856 3516 899 3583 tu
918 3505 991 3581 nisi
1009 3507 1090 3581 sola
1107 3507 1243 3609 plaees.
1269 3550 1273 3558 ·
1413 3528 1416 3533 ·

447 3684 601 3786 Semper
618 3695 700 3761 erat
717 3684 825 3763 nobis
845 3710 984 3761 numen
1002 3686 1220 3764 venerabile
1238 3696 1430 3778 vestrum,

519 3810 572 3885 Et
589 3810 720 3911 positis
740 3836 852 3887 ourae
870 3811 960 3887 thus
979 3812 1129 3887 adolere
1148 3809 1260 3889 foois:

444 3989 494 4066 At
512 4015 602 4065 vero
621 3992 819 4092 Istrogano
839 4015 914 4087 qua
931 3990 1127 4066 maiestate
1145 3988 1312 4092 refulges

521 4118 566 4193 In
583 4116 665 4191 vita
682 4127 720 4191 et
738 4116 883 4192 meritis
902 4116 1083 4216 praesulis
1102 4121 1216 4213 atque
1234 4113 1371 4217 patris3

442 4276 601 4370 Eminus
619 4294 719 4370 hane
738 4295 853 4371 tacito
871 4304 1021 4370 tantum
1040 4294 1250 4370 eomitabar
1263 4294 1430 4407 *honor03

522 4421 624 4497 Ausa
642 4447 711 4497 neo
728 4433 784 4496 est
801 4430 948 4497 tantam
966 4431 1094 4497 nostra
1119 4446 1250 4497 sonare
1269 4420 1413 4521 chelys.

441 4596 590 4700 Quippe
608 4601 714 4701 prius
734 4611 906 4676 numeret
924 4599 1113 4701 fulgentia
1132 4600 1274 4692 sidera,
1292 4599 1430 4673 fluetus
1541 4582 1544 4595 ²

520 4708 716 4822 Aequore,
734 4750 802 4825 per
821 4750 971 4826 campos
990 4725 1165 4827 gramina
1174 4781 1184 4818 ‚
1205 4746 1296 4801 vero
1314 4746 1438 4799 rosas:
1488 4712 1489 4715 ¹

444 4894 583 4980 Audet(
605 4889 672 5001 qui
690 4903 817 5003 cupiat
834 4905 991 4979 laudum
1010 4927 1049 4979 se
1060 4906 1218 4980 §eredere
1235 4910 1373 5004 pont03

523 5030 596 5105 Illa
611 5029 751 5127 quibus
767 5028 902 5107 merito
920 5030 1216 5110 concelebranda
1235 5027 1343 5104 foret.
1411 5063 1413 5067 >
