<?xml version="1.0" encoding="UTF-8"?>
<!DOCTYPE html PUBLIC "-//W3C//DTD XHTML 1.0 Transitional//EN"
    "http://www.w3.org/TR/xhtml1/DTD/xhtml1-transitional.dtd">
<html xmlns="http://www.w3.org/1999/xhtml" xml:lang="en" lang="en">
 <head>
  <title>
</title>
<meta http-equiv="Content-Type" content="text/html;charset=utf-8" />
  <meta name='ocr-system' content='tesseract 3.04.00' />
  <meta name='ocr-capabilities' content='ocr_page ocr_carea ocr_par ocr_line ocrx_word'/>
</head>
<body>
  <div class='ocr_page' id='page_1' title='image "./poematumlibrise00jallgoog_0059.png"; bbox 0 0 4084 6000; ppageno 0'>
   <div class='ocr_carea' id='block_1_1' title="bbox 632 1369 1453 1576">
    <p class='ocr_par' dir='ltr' id='par_1_1' title="bbox 632 1369 1453 1624">
     <span class='ocr_line' id='line_1_1' title="bbox 632 1369 1453 1576; baseline 0.001 -4"><span class='ocrx_word' id='word_1_1' title='bbox 632 1369 1307 1576; x_wconf 74' lang='lat' dir='ltr'><strong>susal-Auru</strong></span> <span class='ocrx_word' id='word_1_2' title='bbox 1451 1515 1453 1522; x_wconf 58' lang='lat'><em>=</em></span> 
     </span>
    </p>
   </div>
   <div class='ocr_carea' id='block_1_2' title="bbox 782 1676 1301 1754">
    <p class='ocr_par' dir='ltr' id='par_1_2' title="bbox 782 1676 1301 1754">
     <span class='ocr_line' id='line_1_2' title="bbox 782 1676 1301 1754; baseline -0.015 -2"><span class='ocrx_word' id='word_1_3' title='bbox 782 1677 916 1753; x_wconf 86' lang='lat' dir='ltr'>LIBRI</span> <span class='ocrx_word' id='word_1_4' title='bbox 943 1676 1154 1754; x_wconf 77' lang='lat' dir='ltr'>SECUNDI</span> <span class='ocrx_word' id='word_1_5' title='bbox 1255 1713 1257 1716; x_wconf 96' lang='lat'>·</span> <span class='ocrx_word' id='word_1_6' title='bbox 1300 1739 1301 1744; x_wconf 75' lang='grc'>,</span> 
     </span>
    </p>
   </div>
   <div class='ocr_carea' id='block_1_3' title="bbox 836 2015 1098 2133">
    <p class='ocr_par' dir='ltr' id='par_1_3' title="bbox 836 2015 1098 2133">
     <span class='ocr_line' id='line_1_3' title="bbox 836 2015 1098 2133; baseline -0.019 -34"><span class='ocrx_word' id='word_1_7' title='bbox 836 2015 1034 2133; x_wconf 70' lang='lat' dir='ltr'><strong>ulegla</strong></span> <span class='ocrx_word' id='word_1_8' title='bbox 1060 2017 1098 2099; x_wconf 88' lang='grc'><strong>1.</strong></span> 
     </span>
    </p>
   </div>
   <div class='ocr_carea' id='block_1_4' title="bbox 337 2217 1602 2396">
    <p class='ocr_par' dir='ltr' id='par_1_4' title="bbox 337 2217 1602 2396">
     <span class='ocr_line' id='line_1_4' title="bbox 337 2217 1602 2305; baseline -0.002 -15"><span class='ocrx_word' id='word_1_9' title='bbox 337 2220 391 2290; x_wconf 82' lang='lat' dir='ltr'><strong>Ad</strong></span> <span class='ocrx_word' id='word_1_10' title='bbox 407 2217 834 2289; x_wconf 68' lang='lat' dir='ltr'><strong>romaricensem</strong></span> <span class='ocrx_word' id='word_1_11' title='bbox 852 2218 1164 2305; x_wconf 73' lang='lat' dir='ltr'><strong>arcti-&#39;episcopam</strong></span> <span class='ocrx_word' id='word_1_12' title='bbox 1184 2221 1405 2290; x_wconf 74' lang='lat' dir='ltr'><strong>corrozanam</strong></span> <span class='ocrx_word' id='word_1_13' title='bbox 1423 2219 1602 2290; x_wconf 74' lang='lat' dir='ltr'><strong>taddaeum</strong></span> 
     </span>
     <span class='ocr_line' id='line_1_5' title="bbox 588 2325 1310 2396; baseline -0.001 -3"><span class='ocrx_word' id='word_1_14' title='bbox 588 2327 771 2395; x_wconf 78' lang='lat' dir='ltr'><strong>sacerdotii</strong></span> <span class='ocrx_word' id='word_1_15' title='bbox 790 2327 1021 2396; x_wconf 76' lang='lat' dir='ltr'><strong>celebrantem.</strong></span> <span class='ocrx_word' id='word_1_16' title='bbox 1042 2325 1179 2395; x_wconf 75' lang='lat' dir='ltr'><strong>Pacarii</strong></span> <span class='ocrx_word' id='word_1_17' title='bbox 1202 2325 1310 2394; x_wconf 81' lang='lat'><strong><em>1825.</em></strong></span> 
     </span>
    </p>
   </div>
   <div class='ocr_carea' id='block_1_5' title="bbox 389 2491 1556 5089">
    <p class='ocr_par' dir='ltr' id='par_1_5' title="bbox 389 2491 1556 5089">
     <span class='ocr_line' id='line_1_6' title="bbox 390 2491 1511 2622; baseline 0 -24"><span class='ocrx_word' id='word_1_18' title='bbox 390 2491 520 2622; x_wconf 63' lang='lat' dir='ltr'><strong>Quid</strong></span> <span class='ocrx_word' id='word_1_19' title='bbox 537 2531 644 2596; x_wconf 84' lang='lat' dir='ltr'><strong>vetat</strong></span> <span class='ocrx_word' id='word_1_20' title='bbox 661 2524 854 2597; x_wconf 78' lang='lat' dir='ltr'><strong>absentem</strong></span> <span class='ocrx_word' id='word_1_21' title='bbox 872 2533 941 2614; x_wconf 83' lang='lat' dir='ltr'><strong>te,</strong></span> <span class='ocrx_word' id='word_1_22' title='bbox 957 2523 1160 2622; x_wconf 85' lang='lat' dir='ltr'><strong>praesul</strong></span> <span class='ocrx_word' id='word_1_23' title='bbox 1177 2519 1366 2613; x_wconf 81' lang='lat' dir='ltr'>maxime,</span> <span class='ocrx_word' id='word_1_24' title='bbox 1383 2533 1511 2598; x_wconf 88' lang='lat' dir='ltr'><strong>nostra</strong></span> 
     </span>
     <span class='ocr_line' id='line_1_7' title="bbox 495 2627 1287 2729; baseline -0.003 -26"><span class='ocrx_word' id='word_1_25' title='bbox 495 2627 568 2703; x_wconf 89' lang='lat' dir='ltr'><strong>Hic</strong></span> <span class='ocrx_word' id='word_1_26' title='bbox 585 2628 684 2704; x_wconf 87' lang='lat' dir='ltr'><strong>tibi</strong></span> <span class='ocrx_word' id='word_1_27' title='bbox 702 2640 846 2704; x_wconf 87' lang='lat' dir='ltr'><strong>sacrata</strong></span> <span class='ocrx_word' id='word_1_28' title='bbox 864 2631 1122 2705; x_wconf 85' lang='lat' dir='ltr'><strong>concelebrare</strong></span> <span class='ocrx_word' id='word_1_29' title='bbox 1142 2628 1287 2729; x_wconf 74' lang='lat' dir='ltr'><strong>chely?</strong></span> 
     </span>
     <span class='ocr_line' id='line_1_8' title="bbox 389 2735 1312 2836; baseline -0.008 -22"><span class='ocrx_word' id='word_1_30' title='bbox 389 2737 456 2814; x_wconf 89' lang='lat' dir='ltr'><strong>Tu</strong></span> <span class='ocrx_word' id='word_1_31' title='bbox 471 2737 604 2836; x_wconf 82' lang='lat' dir='ltr'><strong>procul</strong></span> <span class='ocrx_word' id='word_1_32' title='bbox 622 2761 646 2810; x_wconf 91' lang='lat' dir='ltr'><strong>a</strong></span> <span class='ocrx_word' id='word_1_33' title='bbox 662 2736 771 2813; x_wconf 86' lang='lat' dir='ltr'><strong>nobis</strong></span> <span class='ocrx_word' id='word_1_34' title='bbox 787 2739 853 2811; x_wconf 89' lang='lat' dir='ltr'><strong>sed</strong></span> <span class='ocrx_word' id='word_1_35' title='bbox 870 2747 998 2828; x_wconf 85' lang='lat' dir='ltr'><strong>noster</strong></span> <span class='ocrx_word' id='word_1_36' title='bbox 1013 2735 1132 2832; x_wconf 81' lang='lat' dir='ltr'><strong>vivis3</strong></span> <span class='ocrx_word' id='word_1_37' title='bbox 1151 2748 1188 2811; x_wconf 88' lang='lat' dir='ltr'><strong>at</strong></span> <span class='ocrx_word' id='word_1_38' title='bbox 1204 2735 1283 2808; x_wconf 88' lang='lat' dir='ltr'><strong>illic</strong></span> <span class='ocrx_word' id='word_1_39' title='bbox 1310 2755 1312 2762; x_wconf 88' lang='lat'>·</span> 
     </span>
     <span class='ocr_line' id='line_1_9' title="bbox 495 2841 1485 2945; baseline -0.004 -25"><span class='ocrx_word' id='word_1_40' title='bbox 495 2845 672 2935; x_wconf 77' lang='lat' dir='ltr'>Pectora,</span> <span class='ocrx_word' id='word_1_41' title='bbox 690 2869 788 2940; x_wconf 87' lang='lat' dir='ltr'><strong>quae</strong></span> <span class='ocrx_word' id='word_1_42' title='bbox 806 2855 997 2945; x_wconf 87' lang='lat' dir='ltr'><strong>patrem</strong></span> <span class='ocrx_word' id='word_1_43' title='bbox 1014 2841 1078 2917; x_wconf 91' lang='lat' dir='ltr'><strong>hic</strong></span> <span class='ocrx_word' id='word_1_44' title='bbox 1096 2853 1143 2918; x_wconf 86' lang='lat' dir='ltr'><strong>te</strong></span> <span class='ocrx_word' id='word_1_45' title='bbox 1161 2841 1330 2934; x_wconf 79' lang='lat' dir='ltr'><strong>coluere,</strong></span> <span class='ocrx_word' id='word_1_46' title='bbox 1346 2843 1485 2932; x_wconf 84' lang='lat' dir='ltr'><strong>colunt.</strong></span> 
     </span>
     <span class='ocr_line' id='line_1_10' title="bbox 389 2949 1297 3048; baseline -0.003 -20"><span class='ocrx_word' id='word_1_47' title='bbox 389 2951 458 3028; x_wconf 90' lang='lat' dir='ltr'><strong>Tu</strong></span> <span class='ocrx_word' id='word_1_48' title='bbox 473 2950 612 3027; x_wconf 87' lang='lat' dir='ltr'><strong>tacitus</strong></span> <span class='ocrx_word' id='word_1_49' title='bbox 630 2949 777 3048; x_wconf 88' lang='lat' dir='ltr'><strong>solique·</strong></span> <span class='ocrx_word' id='word_1_50' title='bbox 792 2952 888 3028; x_wconf 85' lang='lat' dir='ltr'><strong>Deo</strong></span> <span class='ocrx_word' id='word_1_51' title='bbox 906 2954 1129 3027; x_wconf 84' lang='lat' dir='ltr'><strong>benenatus</strong></span> <span class='ocrx_word' id='word_1_52' title='bbox 1147 2953 1196 3025; x_wconf 87' lang='lat' dir='ltr'><strong>ad</strong></span> <span class='ocrx_word' id='word_1_53' title='bbox 1214 2954 1297 3025; x_wconf 87' lang='lat' dir='ltr'><strong>aras</strong></span> 
     </span>
     <span class='ocr_line' id='line_1_11' title="bbox 493 3056 1500 3155; baseline -0.004 -21"><span class='ocrx_word' id='word_1_54' title='bbox 493 3060 631 3137; x_wconf 80' lang='lat' dir='ltr'><strong>Lustra</strong></span> <span class='ocrx_word' id='word_1_55' title='bbox 648 3062 778 3134; x_wconf 87' lang='lat' dir='ltr'><strong>decem</strong></span> <span class='ocrx_word' id='word_1_56' title='bbox 795 3063 996 3136; x_wconf 81' lang='lat' dir='ltr'><strong>adsuetum</strong></span> <span class='ocrx_word' id='word_1_57' title='bbox 1012 3058 1147 3155; x_wconf 88' lang='lat' dir='ltr'><strong>farque</strong></span> <span class='ocrx_word' id='word_1_58' title='bbox 1165 3082 1386 3154; x_wconf 82' lang='lat' dir='ltr'><strong>merumque</strong></span> <span class='ocrx_word' id='word_1_59' title='bbox 1404 3056 1500 3133; x_wconf 91' lang='lat' dir='ltr'><strong>litas.</strong></span> 
     </span>
     <span class='ocr_line' id='line_1_12' title="bbox 390 3163 1445 3267; baseline -0.003 -25"><span class='ocrx_word' id='word_1_60' title='bbox 390 3165 440 3242; x_wconf 77' lang='lat' dir='ltr'><strong>Aa</strong></span> <span class='ocrx_word' id='word_1_61' title='bbox 457 3192 525 3241; x_wconf 88' lang='lat' dir='ltr'><strong>uos</strong></span> <span class='ocrx_word' id='word_1_62' title='bbox 542 3166 602 3241; x_wconf 90' lang='lat' dir='ltr'><strong>his</strong></span> <span class='ocrx_word' id='word_1_63' title='bbox 620 3192 803 3243; x_wconf 80' lang='lat' dir='ltr'><strong>memores</strong></span> <span class='ocrx_word' id='word_1_64' title='bbox 822 3192 919 3264; x_wconf 86' lang='lat' dir='ltr'><strong>quae</strong></span> <span class='ocrx_word' id='word_1_65' title='bbox 935 3178 1026 3242; x_wconf 87' lang='lat' dir='ltr'><strong>vota</strong></span> <span class='ocrx_word' id='word_1_66' title='bbox 1043 3190 1244 3267; x_wconf 82' lang='lat' dir='ltr'><strong>precesque</strong></span> <span class='ocrx_word' id='word_1_67' title='bbox 1263 3163 1445 3256; x_wconf 84' lang='lat' dir='ltr'><strong>feremus,</strong></span> 
     </span>
     <span class='ocr_line' id='line_1_13' title="bbox 494 3270 1556 3376; baseline -0.004 -27"><span class='ocrx_word' id='word_1_68' title='bbox 494 3272 600 3364; x_wconf 86' lang='lat' dir='ltr'><strong>Quae</strong></span> <span class='ocrx_word' id='word_1_69' title='bbox 616 3286 756 3376; x_wconf 87' lang='lat' dir='ltr'><strong>patra</strong></span> <span class='ocrx_word' id='word_1_70' title='bbox 784 3300 881 3372; x_wconf 88' lang='lat' dir='ltr'><strong>quae</strong></span> <span class='ocrx_word' id='word_1_71' title='bbox 898 3285 1003 3350; x_wconf 84' lang='lat' dir='ltr'><strong>tanto</strong></span> <span class='ocrx_word' id='word_1_72' title='bbox 1020 3274 1252 3374; x_wconf 84' lang='lat' dir='ltr'><strong>praesule</strong></span> <span class='ocrx_word' id='word_1_73' title='bbox 1270 3270 1556 3374; x_wconf 75' lang='lat' dir='ltr'><strong>dignaforent?</strong></span> 
     </span>
     <span class='ocr_line' id='line_1_14' title="bbox 391 3379 1294 3483; baseline -0.004 -26"><span class='ocrx_word' id='word_1_74' title='bbox 391 3381 457 3457; x_wconf 89' lang='lat' dir='ltr'><strong>Tu</strong></span> <span class='ocrx_word' id='word_1_75' title='bbox 473 3382 679 3457; x_wconf 86' lang='lat' dir='ltr'><strong>Boromaeo</strong></span> <span class='ocrx_word' id='word_1_76' title='bbox 697 3408 768 3483; x_wconf 88' lang='lat' dir='ltr'><strong>par</strong></span> <span class='ocrx_word' id='word_1_77' title='bbox 784 3380 1157 3457; x_wconf 87' lang='lat' dir='ltr'><strong>sacrummcderaris</strong></span> <span class='ocrx_word' id='word_1_78' title='bbox 1174 3379 1294 3471; x_wconf 80' lang='lat' dir='ltr'><strong>ovile,</strong></span> 
     </span>
     <span class='ocr_line' id='line_1_15' title="bbox 495 3488 1370 3591; baseline -0.005 -27"><span class='ocrx_word' id='word_1_79' title='bbox 495 3490 674 3564; x_wconf 88' lang='lat' dir='ltr'><strong>Petrus</strong></span> <span class='ocrx_word' id='word_1_80' title='bbox 692 3501 765 3583; x_wconf 87' lang='lat' dir='ltr'><strong>tu,</strong></span> <span class='ocrx_word' id='word_1_81' title='bbox 784 3489 931 3586; x_wconf 87' lang='lat' dir='ltr'><strong>quoties</strong></span> <span class='ocrx_word' id='word_1_82' title='bbox 948 3514 1008 3563; x_wconf 86' lang='lat' dir='ltr'><strong>res</strong></span> <span class='ocrx_word' id='word_1_83' title='bbox 1026 3488 1142 3581; x_wconf 83' lang='lat' dir='ltr'><strong>ferat,</strong></span> <span class='ocrx_word' id='word_1_84' title='bbox 1160 3488 1254 3562; x_wconf 85' lang='lat' dir='ltr'><strong>alter</strong></span> <span class='ocrx_word' id='word_1_85' title='bbox 1271 3488 1370 3591; x_wconf 77' lang='lat' dir='ltr'><strong>ades.</strong></span> 
     </span>
     <span class='ocr_line' id='line_1_16' title="bbox 389 3594 1326 3696; baseline -0.002 -26"><span class='ocrx_word' id='word_1_86' title='bbox 389 3594 586 3671; x_wconf 78' lang='lat' dir='ltr'><strong>Dicentem</strong></span> <span class='ocrx_word' id='word_1_87' title='bbox 603 3606 790 3696; x_wconf 86' lang='lat' dir='ltr'><strong>spectem,</strong></span> <span class='ocrx_word' id='word_1_88' title='bbox 809 3596 959 3693; x_wconf 81' lang='lat' dir='ltr'><strong>quista</strong></span> <span class='ocrx_word' id='word_1_89' title='bbox 977 3594 1183 3670; x_wconf 84' lang='lat' dir='ltr'><strong>ferventior</strong></span> <span class='ocrx_word' id='word_1_90' title='bbox 1199 3596 1326 3670; x_wconf 81' lang='lat' dir='ltr'><strong>alter‘?</strong></span> 
     </span>
     <span class='ocr_line' id='line_1_17' title="bbox 495 3701 1429 3799; baseline -0.003 -22"><span class='ocrx_word' id='word_1_91' title='bbox 495 3702 536 3777; x_wconf 87' lang='lat' dir='ltr'><strong>Si</strong></span> <span class='ocrx_word' id='word_1_92' title='bbox 554 3728 660 3778; x_wconf 87' lang='lat' dir='ltr'><strong>sacra</strong></span> <span class='ocrx_word' id='word_1_93' title='bbox 677 3702 875 3779; x_wconf 90' lang='lat' dir='ltr'><strong>eonsilium</strong></span> <span class='ocrx_word' id='word_1_94' title='bbox 888 3704 1087 3799; x_wconf 74' lang='lat' dir='ltr'><strong>&#39;causaque</strong></span> <span class='ocrx_word' id='word_1_95' title='bbox 1099 3727 1232 3799; x_wconf 86' lang='lat' dir='ltr'><strong>resque</strong></span> <span class='ocrx_word' id='word_1_96' title='bbox 1251 3701 1388 3776; x_wconf 85' lang='lat' dir='ltr'><strong>volent.</strong></span> <span class='ocrx_word' id='word_1_97' title='bbox 1425 3730 1429 3739; x_wconf 61' lang='grc'><em>’</em></span> 
     </span>
     <span class='ocr_line' id='line_1_18' title="bbox 390 3808 1373 3911; baseline -0.004 -26"><span class='ocrx_word' id='word_1_98' title='bbox 390 3808 560 3886; x_wconf 90' lang='lat' dir='ltr'><strong>Plurima</strong></span> <span class='ocrx_word' id='word_1_99' title='bbox 578 3810 611 3885; x_wconf 89' lang='lat' dir='ltr'><strong>si</strong></span> <span class='ocrx_word' id='word_1_100' title='bbox 627 3812 764 3911; x_wconf 55' lang='lat' dir='ltr'><strong>largae.</strong></span> <span class='ocrx_word' id='word_1_101' title='bbox 774 3810 1004 3910; x_wconf 82' lang='lat' dir='ltr'><strong>contempler</strong></span> <span class='ocrx_word' id='word_1_102' title='bbox 1018 3834 1178 3884; x_wconf 86' lang='lat' dir='ltr'><strong>munera</strong></span> <span class='ocrx_word' id='word_1_103' title='bbox 1196 3812 1373 3899; x_wconf 79' lang='lat' dir='ltr'><strong>dextrae,</strong></span> 
     </span>
     <span class='ocr_line' id='line_1_19' title="bbox 494 3908 1282 3993; baseline -0.003 0"><span class='ocrx_word' id='word_1_104' title='bbox 494 3916 674 3993; x_wconf 90' lang='lat' dir='ltr'><strong>Munifico</strong></span> <span class='ocrx_word' id='word_1_105' title='bbox 693 3918 853 3993; x_wconf 83' lang='lat' dir='ltr'><strong>similem</strong></span> <span class='ocrx_word' id='word_1_106' title='bbox 871 3916 1003 3992; x_wconf 81' lang='lat' dir='ltr'><strong>dixero</strong></span> <span class='ocrx_word' id='word_1_107' title='bbox 1021 3916 1102 3991; x_wconf 90' lang='lat' dir='ltr'><strong>iure</strong></span> <span class='ocrx_word' id='word_1_108' title='bbox 1119 3916 1215 3992; x_wconf 81' lang='lat' dir='ltr'><strong>Tito.</strong></span> <span class='ocrx_word' id='word_1_109' title='bbox 1244 3908 1245 3913; x_wconf 6' lang='grc' dir='ltr'>ἵ</span> <span class='ocrx_word' id='word_1_110' title='bbox 1281 3986 1282 3991; x_wconf 75' lang='grc'>,</span> 
     </span>
     <span class='ocr_line' id='line_1_20' title="bbox 392 4021 1263 4125; baseline -0.006 -26"><span class='ocrx_word' id='word_1_111' title='bbox 392 4022 540 4099; x_wconf 82' lang='lat' dir='ltr'><strong>Scilicet</strong></span> <span class='ocrx_word' id='word_1_112' title='bbox 556 4036 600 4099; x_wconf 92' lang='lat' dir='ltr'><strong>ut</strong></span> <span class='ocrx_word' id='word_1_113' title='bbox 617 4024 692 4099; x_wconf 88' lang='lat' dir='ltr'><strong>rivi</strong></span> <span class='ocrx_word' id='word_1_114' title='bbox 710 4025 923 4125; x_wconf 85' lang='lat' dir='ltr'><strong>praeruptis</strong></span> <span class='ocrx_word' id='word_1_115' title='bbox 940 4024 1132 4099; x_wconf 84' lang='lat' dir='ltr'><strong>montibus</strong></span> <span class='ocrx_word' id='word_1_116' title='bbox 1149 4021 1222 4097; x_wconf 88' lang='lat' dir='ltr'><strong>orti</strong></span> <span class='ocrx_word' id='word_1_117' title='bbox 1261 4058 1263 4065; x_wconf 36' lang='lat' dir='ltr'>v</span> 
     </span>
     <span class='ocr_line' id='line_1_21' title="bbox 414 4126 1388 4232; baseline -0.004 -27"><span class='ocrx_word' id='word_1_118' title='bbox 414 4133 416 4136; x_wconf 76' lang='grc'><strong>’</strong></span> <span class='ocrx_word' id='word_1_119' title='bbox 496 4130 599 4206; x_wconf 81' lang='lat' dir='ltr'><strong>Arva</strong></span> <span class='ocrx_word' id='word_1_120' title='bbox 615 4144 749 4232; x_wconf 83' lang='lat' dir='ltr'><strong>petunt</strong></span> <span class='ocrx_word' id='word_1_121' title='bbox 766 4132 878 4208; x_wconf 83' lang='lat' dir='ltr'><strong>caleri</strong></span> <span class='ocrx_word' id='word_1_122' title='bbox 893 4130 1069 4231; x_wconf 87' lang='lat' dir='ltr'><strong>proxima</strong></span> <span class='ocrx_word' id='word_1_123' title='bbox 1086 4154 1258 4226; x_wconf 86' lang='lat' dir='ltr'><strong>quaeque</strong></span> <span class='ocrx_word' id='word_1_124' title='bbox 1277 4126 1388 4229; x_wconf 80' lang='lat' dir='ltr'><strong>fuga3</strong></span> 
     </span>
     <span class='ocr_line' id='line_1_22' title="bbox 390 4234 1337 4338; baseline -0.003 -26"><span class='ocrx_word' id='word_1_125' title='bbox 390 4234 440 4312; x_wconf 86' lang='lat' dir='ltr'><strong>Et</strong></span> <span class='ocrx_word' id='word_1_126' title='bbox 456 4237 577 4313; x_wconf 88' lang='lat' dir='ltr'><strong>vitam</strong></span> <span class='ocrx_word' id='word_1_127' title='bbox 595 4250 634 4313; x_wconf 87' lang='lat' dir='ltr'><strong>et</strong></span> <span class='ocrx_word' id='word_1_128' title='bbox 648 4241 792 4315; x_wconf 90' lang='lat' dir='ltr'><strong>laetum</strong></span> <span class='ocrx_word' id='word_1_129' title='bbox 811 4238 953 4338; x_wconf 86' lang='lat' dir='ltr'><strong>campis</strong></span> <span class='ocrx_word' id='word_1_130' title='bbox 970 4263 1147 4313; x_wconf 87' lang='lat' dir='ltr'><strong>revocare</strong></span> <span class='ocrx_word' id='word_1_131' title='bbox 1164 4236 1337 4337; x_wconf 86' lang='lat' dir='ltr'><strong>vigorem</strong></span> 
     </span>
     <span class='ocr_line' id='line_1_23' title="bbox 495 4342 1448 4446; baseline -0.003 -26"><span class='ocrx_word' id='word_1_132' title='bbox 495 4344 546 4420; x_wconf 85' lang='lat' dir='ltr'><strong>Et</strong></span> <span class='ocrx_word' id='word_1_133' title='bbox 561 4359 764 4446; x_wconf 87' lang='lat' dir='ltr'><strong>properant</strong></span> <span class='ocrx_word' id='word_1_134' title='bbox 781 4347 919 4443; x_wconf 87' lang='lat' dir='ltr'><strong>siccam</strong></span> <span class='ocrx_word' id='word_1_135' title='bbox 936 4344 1040 4420; x_wconf 85' lang='lat' dir='ltr'><strong>fonte</strong></span> <span class='ocrx_word' id='word_1_136' title='bbox 1057 4346 1183 4419; x_wconf 86' lang='lat' dir='ltr'><strong>levare</strong></span> <span class='ocrx_word' id='word_1_137' title='bbox 1202 4342 1323 4419; x_wconf 87' lang='lat' dir='ltr'><strong>sitim:</strong></span> <span class='ocrx_word' id='word_1_138' title='bbox 1447 4396 1448 4399; x_wconf 63' lang='lat'>,</span> 
     </span>
     <span class='ocr_line' id='line_1_24' title="bbox 391 4450 1348 4553; baseline -0.001 -28"><span class='ocrx_word' id='word_1_139' title='bbox 391 4450 840 4553; x_wconf 84' lang='lat' dir='ltr'><strong>Archi-praesuleo</strong></span> <span class='ocrx_word' id='word_1_140' title='bbox 858 4454 910 4527; x_wconf 89' lang='lat' dir='ltr'><strong>sic</strong></span> <span class='ocrx_word' id='word_1_141' title='bbox 927 4464 980 4528; x_wconf 89' lang='lat' dir='ltr'><strong>tu</strong></span> <span class='ocrx_word' id='word_1_142' title='bbox 997 4451 1170 4528; x_wconf 88' lang='lat' dir='ltr'><strong>sublimis</strong></span> <span class='ocrx_word' id='word_1_143' title='bbox 1188 4451 1225 4526; x_wconf 90' lang='lat' dir='ltr'><strong>in</strong></span> <span class='ocrx_word' id='word_1_144' title='bbox 1246 4461 1348 4525; x_wconf 85' lang='lat' dir='ltr'><strong>ostro</strong></span> 
     </span>
     <span class='ocr_line' id='line_1_25' title="bbox 495 4559 1358 4661; baseline -0.005 -27"><span class='ocrx_word' id='word_1_145' title='bbox 495 4559 717 4637; x_wconf 87' lang='lat' dir='ltr'><strong>Munificam</strong></span> <span class='ocrx_word' id='word_1_146' title='bbox 735 4563 878 4661; x_wconf 83' lang='lat' dir='ltr'><strong>gaudes</strong></span> <span class='ocrx_word' id='word_1_147' title='bbox 896 4562 1048 4635; x_wconf 86' lang='lat' dir='ltr'><strong>tendere</strong></span> <span class='ocrx_word' id='word_1_148' title='bbox 1066 4584 1174 4658; x_wconf 89' lang='lat' dir='ltr'><strong>saepe</strong></span> <span class='ocrx_word' id='word_1_149' title='bbox 1192 4582 1358 4633; x_wconf 87' lang='lat' dir='ltr'><strong>manum.</strong></span> 
     </span>
     <span class='ocr_line' id='line_1_26' title="bbox 393 4663 1360 4766; baseline -0.008 -21"><span class='ocrx_word' id='word_1_150' title='bbox 393 4667 469 4745; x_wconf 85' lang='lat' dir='ltr'><strong>Nec</strong></span> <span class='ocrx_word' id='word_1_151' title='bbox 486 4667 576 4742; x_wconf 85' lang='lat' dir='ltr'><strong>satis</strong></span> <span class='ocrx_word' id='word_1_152' title='bbox 593 4666 687 4743; x_wconf 81' lang='lat' dir='ltr'><strong>haec</strong></span> <span class='ocrx_word' id='word_1_153' title='bbox 704 4666 837 4742; x_wconf 89' lang='lat' dir='ltr'><strong>divum</strong></span> <span class='ocrx_word' id='word_1_154' title='bbox 854 4666 1170 4766; x_wconf 85' lang='lat' dir='ltr'><strong>templisarisqua</strong></span> <span class='ocrx_word' id='word_1_155' title='bbox 1188 4663 1360 4755; x_wconf 88' lang='lat' dir='ltr'><strong>sacratis,</strong></span> 
     </span>
     <span class='ocr_line' id='line_1_27' title="bbox 498 4768 1336 4873; baseline -0.005 -24"><span class='ocrx_word' id='word_1_156' title='bbox 498 4774 575 4850; x_wconf 86' lang='lat' dir='ltr'><strong>Nec</strong></span> <span class='ocrx_word' id='word_1_157' title='bbox 591 4775 683 4849; x_wconf 87' lang='lat' dir='ltr'><strong>satis</strong></span> <span class='ocrx_word' id='word_1_158' title='bbox 700 4774 794 4849; x_wconf 88' lang='lat' dir='ltr'><strong>haec</strong></span> <span class='ocrx_word' id='word_1_159' title='bbox 811 4773 917 4849; x_wconf 88' lang='lat' dir='ltr'><strong>tenui</strong></span> <span class='ocrx_word' id='word_1_160' title='bbox 933 4786 1083 4873; x_wconf 88' lang='lat' dir='ltr'><strong>promta</strong></span> <span class='ocrx_word' id='word_1_161' title='bbox 1100 4773 1228 4847; x_wconf 84' lang='lat' dir='ltr'><strong>savera</strong></span> <span class='ocrx_word' id='word_1_162' title='bbox 1245 4768 1336 4867; x_wconf 80' lang='lat' dir='ltr'><strong>lari3</strong></span> 
     </span>
     <span class='ocr_line' id='line_1_28' title="bbox 392 4880 1280 4982; baseline -0.007 -23"><span class='ocrx_word' id='word_1_163' title='bbox 392 4882 440 4959; x_wconf 86' lang='lat' dir='ltr'><strong>Ni</strong></span> <span class='ocrx_word' id='word_1_164' title='bbox 456 4880 740 4962; x_wconf 86' lang='lat' dir='ltr'><strong>benefactorum</strong></span> <span class='ocrx_word' id='word_1_165' title='bbox 757 4882 903 4982; x_wconf 83' lang='lat' dir='ltr'><strong>derivet</strong></span> <span class='ocrx_word' id='word_1_166' title='bbox 918 4884 1061 4956; x_wconf 85' lang='lat' dir='ltr'><strong>flumen</strong></span> <span class='ocrx_word' id='word_1_167' title='bbox 1077 4880 1118 4954; x_wconf 89' lang='lat' dir='ltr'><strong>in</strong></span> <span class='ocrx_word' id='word_1_168' title='bbox 1136 4880 1280 4978; x_wconf 89' lang='lat' dir='ltr'><strong>amplas</strong></span> 
     </span>
     <span class='ocr_line' id='line_1_29' title="bbox 497 4986 1396 5089; baseline -0.01 -21"><span class='ocrx_word' id='word_1_169' title='bbox 497 4992 547 5068; x_wconf 87' lang='lat' dir='ltr'><strong>Et</strong></span> <span class='ocrx_word' id='word_1_170' title='bbox 564 4989 709 5089; x_wconf 77' lang='lat' dir='ltr'><strong>patriae</strong></span> <span class='ocrx_word' id='word_1_171' title='bbox 725 4999 765 5063; x_wconf 85' lang='lat' dir='ltr'><strong>et</strong></span> <span class='ocrx_word' id='word_1_172' title='bbox 781 4990 949 5080; x_wconf 81' lang='lat' dir='ltr'><strong>iunctas,</strong></span> <span class='ocrx_word' id='word_1_173' title='bbox 966 5012 1042 5084; x_wconf 88' lang='lat' dir='ltr'><strong>qua</strong></span> <span class='ocrx_word' id='word_1_174' title='bbox 1061 4998 1235 5086; x_wconf 83' lang='lat' dir='ltr'><strong>patuere,</strong></span> <span class='ocrx_word' id='word_1_175' title='bbox 1252 4986 1396 5086; x_wconf 80' lang='lat' dir='ltr'><strong>plagas·</strong></span> 
     </span>
    </p>
   </div>
   <div class='ocr_carea' id='block_1_6' title="bbox 0 0 2051 6000">
    <p class='ocr_par' dir='ltr' id='par_1_6' title="bbox 0 0 2051 6000">
     <span class='ocr_line' id='line_1_30' title="bbox 0 0 2051 6000; baseline 0 0"><span class='ocrx_word' id='word_1_176' title='bbox 0 0 2051 6000; x_wconf 95' lang='lat' dir='ltr'><strong> </strong></span> 
     </span>
    </p>
   </div>
  </div>
 </body>
</html>
