4084 6000
1021 567 1069 641 ,18

465 785 567 877 Quin
584 781 682 857 alius
699 781 852 882 propior
869 783 994 858 studio
1013 780 1250 884 fulgentibus
1269 781 1378 858 astris

568 889 726 965 Metitur
742 889 859 964 radiis
876 889 1000 964 sidera
1017 892 1118 965 celsa
1137 891 1224 965 suis.

464 1001 567 1074 Alter
584 1008 741 1072 naturae
758 1001 889 1072 cursus
906 998 1095 1094 lunaeque
1113 998 1259 1075 labores

567 1105 767 1204 Explicat,
785 1116 823 1179 et
839 1105 951 1179 reflui
968 1131 1038 1182 cur
1054 1114 1154 1180 meet
1172 1107 1274 1181 unda
1291 1105 1418 1179 maris

463 1214 570 1290 Alter
587 1213 671 1287 iura
688 1212 799 1304 colit,
817 1212 1024 1313 legumque
1042 1213 1207 1288 sacraria
1223 1214 1394 1313 pandens

569 1319 642 1395 Ore
660 1319 772 1420 gravi
790 1319 968 1395 Themidi
985 1320 1115 1398 debita
1132 1319 1248 1395 thura
1264 1319 1361 1395 litat.

463 1427 622 1504 Paeonis
639 1427 745 1501 lectis
762 1426 889 1503 herbis
908 1452 1073 1524 curaque
1090 1431 1262 1503 medente

565 1534 766 1634 Languida
784 1534 963 1609 sollicitos
981 1538 1155 1611 membra
1169 1537 1296 1610 levare
1313 1534 1434 1610 iuvat.

461 1642 571 1734 Quod
590 1641 682 1715 colis
699 1641 884 1734 Aonidas,
903 1645 1005 1738 quod
1023 1643 1127 1718 vitae
1146 1643 1343 1718 commoda
1361 1642 1496 1735 sentis,
1573 1687 1575 1692 ·
1594 1677 1599 1685 ·

563 1750 766 1824 Immemor
783 1775 832 1824 an
849 1750 995 1850 pariter
1012 1751 1286 1850 praeteriturus
1303 1751 1416 1825 eras?

459 1857 641 1932 Desierat.
660 1858 797 1932 Lustro
816 1857 987 1962 vestigia.
999 1869 1141 1958 cuncta.
1154 1856 1361 1933 monentis:

567 1964 617 2037 At
635 1963 751 2037 mihil
771 1965 856 2061 quis
874 1963 1003 2039 fervor
1019 1977 1172 2065 pectora
1190 1965 1291 2039 laeta
1309 1965 1443 2040 subit?
1577 2054 1580 2060 Ι

459 2070 629 2167 Namque
648 2072 755 2145 velut
773 2075 867 2147 sudo
885 2069 953 2173 per
968 2075 1086 2148 florea
1102 2072 1380 2147 ruravolantes

565 2178 663 2253 Vere
682 2177 815 2278 legunt
833 2180 955 2275 crocei
973 2206 1130 2255 munera
1149 2179 1273 2254 mellis
1292 2189 1390 2278 apes.
1474 2248 1475 2252 ,

459 2288 552 2362 Pars
571 2310 694 2360 ceram
713 2286 847 2386 stipat,
865 2287 1032 2383 liquidos
1051 2313 1137 2387 pars
1155 2287 1284 2361 condit
1295 2288 1455 2379 ederes,

565 2394 668 2468 Haec
686 2393 787 2487 abit,
805 2395 873 2469 illa
890 2395 1008 2488 redit,
1027 2420 1114 2495 pars
1133 2405 1277 2486 monet,
1295 2393 1377 2468 ista
1387 2394 1514 2489 iuvat3

459 2502 534 2578 Nec
552 2526 674 2592 mora,
692 2526 759 2576 nec
777 2502 944 2598 requies:
964 2502 1017 2576 sic
1036 2503 1166 2578 sedula
1183 2512 1306 2575 castra
1323 2500 1515 2576 Minervae

564 2607 686 2684 Urbes
705 2634 798 2708 pene
817 2634 967 2703 omneS,
985 2610 1125 2710 oppida
1142 2609 1265 2684 multa
1283 2618 1426 2708 petunt.

461 2717 520 2793 Sic
539 2740 638 2791 nova
656 2714 922 2791 Francisco
941 2717 1111 2792 saturnia
1130 2741 1218 2818 rege
1237 2725 1437 2790 recurrunt

564 2823 768 2922 Tempora:
788 2824 841 2899 sic
858 2825 1005 2900 cunctis
1024 2835 1169 2902 constat
1188 2833 1315 2899 amata
1333 2821 1452 2899 salus!

458 3143 549 3228 ldcn
568 3142 726 3226 virtutum
743 3089 1075 3246 annirnexenplu
1093 3145 1128 3225 et
1146 3143 1244 3246 paler
1262 3160 1399 3225 sacrun
1411 3140 1625 3245 sepulcrm.

462 3362 501 3438 Si
519 3361 627 3453 licet,
645 3362 840 3460 et'pateris
859 3372 948 3453 tua,
966 3361 1110 3453 virtue,
1127 3360 1268 3460 templa
1287 3359 1444 3457 subib03

566 3468 728 3543 Vatibus
746 3466 839 3543 haee
860 3479 961 3543 certe
980 3466 1083 3542 fama
1099 3479 1226 3568 patere
1245 3470 1363 3542 docet.

462 3579 512 3653 At
529 3575 625 3650 mihi
642 3575 809 3651 Pierides
828 3574 956 3649 solitos
975 3584 1115 3675 augete
1134 3576 1295 3667 calores,
1311 3596 1315 3605 “

567 3683 655 3757 Fert
673 3682 821 3757 animus
838 3692 965 3757 vestro
984 3681 1102 3783 digna
1120 3681 1250 3757 favore
1267 3680 1382 3778 loqui.
1415 3709 1419 3719 ¹
1507 3710 1508 3717 ¹

463 3791 546 3883 Nil,
564 3789 850 3881 Francisce,
869 3790 970 3890 geris
989 3790 1171 3886 mortale3·
1186 3788 1363 3889 perennia
1381 3814 1469 3865 nam
1486 3801 1524 3866 te

567 3897 684 3972 Facta
701 3922 829 3997 parem
848 3896 1004 3971 summis
1021 3897 1177 3997 regibus
1196 3921 1274 3970 esse
1293 3898 1471 3995 probant:

463 4006 661 4080 Virtutum
680 4003 845 4079 sedenim
864 4004 979 4078 rutila
997 4015 1044 4078 te
1061 4005 1145 4079 luce
1163 4014 1359 4078 tuarum

569 4112 719 4211 Magnis
737 4111 886 4186 misceri
905 4111 1091 4186 cernimus
1110 4135 1229 4207 usque
1248 4110 1330 4185 diis.
1349 4130 1350 4135 ’

463 4219 614 4297 Eminet
631 4218 694 4291 hic
712 4218 831 4318 pietas
842 4243 990 4318 ‘magno
1008 4218 1146 4293 dilecta
1163 4218 1384 4318 Rudolphc,

570 4326 814 4400 Austriadum
832 4325 990 4400 illustris
1009 4336 1179 4400 creverat
1196 4326 1295 4401 unde
1313 4328 1457 4401 domus

465 4433 646 4511 Proxima
662 4432 808 4507 iustitia
826 4442 904 4525 est,
922 4432 1066 4506 meritis
1084 4457 1180 4529 quae
1199 4432 1366 4533 praemia
1382 4431 1524 4528 reddit3

572 4540 687 4615 Punit
704 4550 742 4615 et
760 4539 984 4631 admissum,
1001 4539 1151 4615 vindice
1167 4532 1271 4641 lege,
1290 4540 1420 4615 scelus,

466 4646 641 4724 Maiestas
658 4647 783 4721 media
801 4657 876 4721 est:
895 4645 991 4721 felix
1009 4647 1228 4745 prudentia,
1247 4670 1419 4747 praesens
1556 4692 1559 4699 ·

570 4754 786 4829 Dexteritas
805 4753 947 4853 stipant
964 4753 1079 4828 huius
1096 4755 1274 4851 utrinque
1287 4755 1416 4828 latus„

466 4862 626 4937 Adstant
643 4862 745 4961 pacis
763 4887 889 4954 amor,
907 4861 1104 4936 clementia
1121 4862 1246 4963 regia,
1265 4870 1395 4959 pectus

570 4969 703 5061 Forte,
721 4982 759 5045 et
777 4969 932 5044 fortuna
949 4969 1071 5044 maior
1087 4979 1246 5065 utraque
1264 4965 1424 5043 animus.
1460 5000 1466 5021 ¹
