4084 6000
957 695 1007 769 45

405 902 589 1003 Quodque
608 904 721 998 facis,
739 903 869 980 refove
887 908 1042 981 iuvenes
1059 907 1316 1001 iuvenumque
1334 905 1554 1007 magistros,

511 1012 586 1104 Qui
604 1013 675 1090 tibi
692 1015 873 1088 devotum
891 1038 1029 1110 corque
1049 1025 1237 1112 caputque
1255 1013 1394 1088 dicant.

406 1122 535 1197 Ardua
554 1122 600 1195 de
618 1121 747 1220 rigido
764 1121 819 1194 nil
836 1123 962 1220 perdit
979 1123 1124 1198 vertice
1141 1145 1272 1220 rupes,

511 1229 551 1306 Si
569 1229 691 1302 tenuis
709 1230 832 1304 vitam
851 1233 929 1307 sub.
941 1231 1035 1329 pede
1053 1253 1205 1303 muscus
1224 1239 1324 1328 agat.

404 1336 479 1411 Nec
497 1336 623 1410 minus
642 1346 698 1410 est
715 1336 868 1434 patulae
887 1362 963 1410 non
981 1336 1116 1411 ultima
1135 1337 1258 1436 gloria
1276 1335 1379 1434 fagi,

510 1443 621 1534 Quod
639 1445 791 1544 corylos
810 1443 973 1520 humiles
991 1443 1150 1519 brachia
1167 1444 1245 1518 lata
1261 1453 1403 1542 tegant.

404 1553 487 1652 lpse
505 1550 680 1646 quidem,
698 1551 841 1626 meritis
859 1550 1015 1651 fastigia
1033 1576 1181 1625 summa
1200 1561 1366 1625 tenentes
1379 1557 1400 1641 ‚⁴

509 1658 589 1732 Vix
607 1658 682 1732 alio
701 1659 853 1733 credam
871 1683 1035 1734 crescere
1053 1683 1160 1757 posse
1180 1660 1311 1732 modo:
1384 1673 1389 1680 '

406 1767 597 1865 Augustos
616 1765 781 1861 quamsi
799 1767 926 1842 norint
943 1766 1164 1842 submittere
1183 1764 1321 1858 fasces,

508 1871 585 1948 Nec
603 1875 780 1972 despecta
797 1874 875 1948 illis
893 1899 1012 1974 parva
1030 1873 1180 1974 myrica
1197 1883 1338 1974 gemat.

404 1978 496 2070 Quis
515 1991 628 2080 neget
645 1980 834 2082 insignem
850 1982 972 2056 titulis
989 1981 1184 2082 signisque
1203 1983 1381 2074 decorum

509 2086 673 2163 Sublimi
690 2089 853 2190 dignum
870 2100 916 2163 te
934 2089 1097 2164 renitere
1115 2088 1228 2163 loco?

404 2193 584 2290 Quaeque
603 2195 725 2296 geris,
743 2199 968 2295 praesul,
986 2197 1173 2272 mansuris
1193 2195 1343 2297 fulgida
1361 2192 1468 2268 fastis

508 2303 689 2377 Aetemos
708 2316 809 2378 certo
825 2329 933 2404 posse
950 2305 1079 2380 videre
1098 2303 1188 2378 dics.
1246 2299 1247 2307 '

403 2409 570 2485 Grandia
586 2435 696 2510 saepe
713 2424 841 2486 tamen
858 2413 1011 2512 propria
1029 2412 1120 2509 quia
1138 2412 1236 2485 mole
1254 2411 1447 2507 laborant3

507 2517 652 2593 Certior
667 2543 719 2593 ex
736 2520 865 2619 parvis
883 2519 1060 2615 famaque
1079 2520 1237 2613 lausque
1255 2516 1372 2591 venit.

403 2623 504 2699 Dum
523 2625 602 2699 ruit
620 2637 657 2701 et
674 2652 788 2702 rauco
807 2627 977 2701 desaevit
994 2651 1188 2701 murmure
1207 2636 1371 2715 torrens,

507 2731 639 2807 Nonne
657 2735 905 2808 redundantis
923 2733 1211 2809 fluminisunda
1229 2732 1369 2806 nocet?
1402 2762 1405 2772 ·

404 2840 452 2913 At
470 2839 576 2913 molli
592 2840 785 2940 trepidans
803 2852 1016 2915 constanter
1033 2839 1197 2943 lympha
1216 2863 1388 2929 susurro,

507 2946 562 3022 Ut
579 2946 690 3046 plena
707 2971 849 3025 reseces
868 2947 1043 3050 gramina
1061 2945 1178 3040 falce,
1196 2943 1299 3021 facit.

403 3054 450 3129 Et
467 3055 586 3147 tibi,
604 3056 672 3151 qui
690 3082 835 3131 recreas
854 3082 1049 3132 musarum
1067 3066 1168 3129 tecta
1187 3052 1337 3147 favore,

508 3161 680 3262 Amplior
698 3189 718 3237 e
737 3164 850 3240 Pindi
869 3164 1033 3239 culmine
1052 3162 1156 3237 fama
1174 3163 1289 3237 volat.

403 3266 456 3343 Ut
474 3281 640 3344 crescent
658 3271 792 3369 pueri,
806 3281 972 3346 crescent
990 3281 1077 3346 tua
1096 3270 1269 3362 nomina,
1288 3292 1405 3369 prae
1416 3294 1432 3342 s
1443 3270 1512 3361 ul,

508 3376 557 3451 Et
574 3378 804 3452 Maecenatis
823 3380 999 3481 symbola
1017 3379 1180 3477 pulchra
1198 3401 1317 3477 geres.
1488 3360 1494 3386 '

401 3482 454 3558 Ut
472 3494 638 3560 crescent
655 3485 784 3585 pueri,
806 3498 973 3562 crescent
991 3486 1153 3585 suspiria
1172 3510 1239 3584 pro
1260 3495 1349 3579 te„

508 3591 584 3667 Nec
602 3596 761 3668 deerunt
779 3595 881 3669 aris
900 3594 1064 3696 mystica
1084 3595 1183 3668 dona
1200 3592 1283 3691 piis.

878 3920 1090 3931 ——0-——0-

555 3960 601 4016 .,

784 4187 788 4191 Α
814 4230 1017 4337 Elegia
1044 4232 1162 4318 vll.

351 4461 404 4530 Art
421 4460 567 4528 Paulum
584 4464 765 4523 szurs1rs
782 4456 820 4523 ta
845 4455 1074 4544 episcopatum
1102 4450 1389 4540 otturcpclcnccm
1414 4447 1617 4517 sollemniter

808 4582 1035 4650 introductam
1056 4576 1168 4647 1828.

404 4743 501 4857 llota
518 4774 647 4875 gregis
666 4771 775 4847 vidui
795 4796 949 4870 superos
968 4768 1138 4870 tetigisse
1158 4767 1354 4861 videntur3

508 4882 679 4957 Albam
697 4878 897 4978 conspicuo
916 4878 1088 4976 praesule
1108 4899 1270 4971 namque
1288 4874 1412 4946 beant.

405 4988 581 5064 Fleverat
598 4988 666 5062 illa
684 4990 797 5074 duos,
815 4985 1005 5060 virtutum
1024 4982 1179 5083 fulgure
1197 4982 1346 5081 plenos,

510 5096 543 5173 E
561 5096 708 5198 gremio
727 5096 837 5170 vivos
856 5096 985 5169 cedere
1003 5090 1143 5192 quippe
1162 5114 1240 5164 suo.
