4084 6000
1045 622 1116 694 112

502 838 561 915 Sic
579 849 644 912 est.
664 837 893 912 Cunctorum
912 837 951 910 0!
971 836 1081 936 virgo
1100 834 1296 908 mitissima
1315 859 1439 910 ramm

603 946 678 1021 Pro
697 969 777 1036 me,
794 969 869 1041 quo
888 943 1035 1018 valeam
1053 967 1228 1041 corpore,
1246 945 1364 1018 verba
1382 939 1485 1015 facis.

500 1053 575 1128 Nec
594 1077 718 1126 mora:
737 1051 887 1147 iamque
906 1048 1021 1125 febris
1040 1062 1218 1146 torquens
1236 1075 1320 1124 mea
1338 1049 1502 1138 viscera,
1521 1059 1618 1122 tetro

605 1158 758 1259 Spicula
775 1182 871 1255 quae
889 1157 1008 1232 tinxit
1024 1155 1133 1245 salle,
1151 1167 1303 1257 repente
1321 1156 1424 1258 legit.

500 1266 626 1361 thue
645 1291 785 1365 pavens
803 1291 937 1340 cervus
954 1278 1161 1340 venantum
1180 1266 1274 1357 tela,
1293 1265 1453 1356 recedit,

465 1404 470 1417 ·
560 1418 564 1428 ·
606 1374 663 1449 Ao
682 1372 1007 1474 nutum'sugie'm,
1026 1373 1137 1472 virgo
1156 1372 1338 1473 benigna,
1357 1375 1477 1446 tuum.

500 1481 570 1556 Dic
588 1482 703 1574 mihi,
721 1483 811 1555 diva
829 1492 980 1581 potens,
998 1491 1104 1556 tanto
1123 1506 1190 1579 pro
1208 1502 1362 1556 munere
1380 1491 1505 1579 grates

604 1591 821 1666 Persolvam
841 1589 1000 1685 quales?
1020 1589 1148 1684 qualia
1168 1590 1267 1662 dona
1285 1585 1435 1661 feram?

501 1699 572 1774 Cor
588 1696 661 1773 tibi
678 1698 866 1787 devoveo,
884 1717 1046 1792 cumque
1064 1697 1131 1770 illo
1149 1717 1209 1770 me
1228 1716 1376 1792 quoque
1393 1705 1539 1783 totum,

605 1805 654 1880 Et
671 1804 790 1880 vitam
809 1815 849 1878 et
865 1804 968 1878 vitae
985 1817 1155 1904 tempora
1172 1814 1306 1879 cuncta
1324 1824 1439 1877 meae.
1533 1795 1538 1860 ἕ

503 1913 656 1988 Munere
673 1914 722 1986 de
739 1923 863 1986 vestro
883 1911 976 1986 hacc
993 1923 1122 2003 tenea,
1142 1911 1211 1988 tibi
1225 1911 1360 1986 dedico
1378 1930 1540 1983 rursum.
1606 1930 1625 1964 ··

605 2020 715 2112 Esto,
733 2043 882 2118 precor,
899 2020 1057 2118 posthac
1075 2032 1215 2110 mater,
1234 2021 1284 2094 ut'
1295 2029 1401 2110 ante,
1419 2013 1533 2090 mihil

974 2315 1182 2323 -.--—--—-—-

788 2579 792 2592 '
853 2492 856 2500 Ι
922 2555 1123 2661 Elegia
1140 2559 1237 2642 111.

870 2779 1003 2847 carues
1032 2778 1148 2846 ritum
1180 2775 1287 2846 1820.

502 2945 598 3065 ltala
616 2985 649 3061 si
666 2984 869 3088 Tyberim,
884 2987 1055 3089 Ligerim
1075 2987 1105 3061 si
1124 2987 1263 3090 gallica
1282 2988 1414 3080 tellus,

608 3094 647 3171 Si
666 3118 847 3194 germana
865 3094 990 3171 Albim
1011 3094 1084 3169 fert
1102 3120 1213 3195 super
1230 3107 1332 3170 astra
1350 3120 1472 3170 suum.

502 3204 637 3279 Russia
654 3202 686 3275 si
703 3201 861 3276 Tanaim
879 3202 1015 3294 iactat,
1035 3204 1065 3275 si
1079 3226 1171 3277 ‘cara
1189 3203 1324 3301 polono

607 3309 778 3400 Vistula,
797 3309 828 3384 si
846 3310 978 3384 Turcis
995 3309 1126 3401 Unna,
1144 3310 1387 3407 Pruthusque
1404 3313 1560 3411 placent.

503 3421 690 3520 Hungara
706 3442 797 3491 num
818 3417 967 3493 dubites
983 3442 1115 3491 carum
1133 3414 1325 3493 celebrare·
1340 3418 1551 3514 Tibiscum,

608 3527 693 3600 lure
712 3546 837 3598 meum
856 3527 996 3598 flumen
1015 3548 1126 3621 quern
1146 3526 1311 3600 vocitare
1330 3526 1455 3601 soles?

506 3634 543 3711 Si
562 3633 683 3733 sapis,
701 3632 790 3705 huic
808 3633 948 3730 primos
966 3634 1100 3706 merito
1119 3634 1307 3731 depromis
1325 3634 1500 3727 honores,

609 3741 682 3816 Hic
701 3739 771 3814 soli
787 3742 941 3839 praebet
959 3744 1156 3815 commoda
1173 3741 1295 3840 prima
1312 3741 1395 3817 tibi.

505 3850 687 3949 Carpatus
703 3848 806 3922 hunc
822 3860 997 3948 generat,
1016 3861 1242 3925 crescentem
1260 3849 1446 3923 Marmata
1463 3850 1575 3925 tellus

607 3955 779 4055 Excipit,
798 3967 834 4029 et
853 3955 987 4057 lignis,
1005 3967 1044 4029 et
1062 3957 1138 4031 sale
1156 3980 1271 4057 saepe·
1284 3950 1432 4057 gravat.
1503 4010 1506 4019 λ

505 4063 944 4163 QuaquepatentUgocs,
955 4064 1535 4167 atqueSzabclcS,Csongradque
1553 4066 1711 4157 Osanad-

609 4169 769 4265 Quaque
785 4170 1023 4245 Torontaliae
1041 4172 1199 4272 pinguia
1217 4196 1306 4246 rura
1324 4173 1476 4273 plagam
1498 4220 1501 4230 ·
1539 4191 1543 4234 Ξ
1609 4182 1712 4271 (que,

505 4279 618 4354 Dives
638 4278 829 4370 Samusio,
848 4278 1033 4371 Krascna,
1052 4279 1225 4370 Herntd,
1244 4292 1356 4375 atque
1375 4274 1550 4372 Scione,-

609 4386 805 4485 Bodrogo,
823 4386 1004 4487 Zagyva,
1023 4387 1208 4479 Marusio,
1227 4386 1418 4489 Chrysus,

505 4496 578 4569 Per
596 4492 721 4568 varios
739 4496 863 4567 flexus
881 4493 1008 4566 tacitis
1027 4494 1214 4568 delabitur
1231 4495 1361 4586 nudie,

610 4602 711 4676 Dum
729 4604 864 4676 subeat
879 4613 1043 4693 vestros,
1062 4602 1160 4675 Ister
1172 4612 1316 4695 amate,
1335 4603 1449 4677 sinus.

505 4709 658 4801 Flacca,
675 4719 781 4785 tuam
795 4732 975 4808 ,cuperem
993 4734 1140 4785 musam
1160 4711 1351 4808 praeclara
1370 4722 1564 4785 sonantem

610 4815 739 4891 Undas
758 4820 806 4893 ob
824 4816 962 4891 vitreas
981 4817 1134 4892 nomina
1152 4816 1395 4892 Blandusiae:

506 4926 587 4999 Hoc
605 4949 672 5024 per
690 4924 761 4998 iter
780 4924 932 5020 quantis
949 4927 1164 5001 cumuletur
1182 4926 1305 5023 patria
1322 4926 1428 4999 donis
1440 4983 1465 5018 ,Δ
1501 4941 1505 4950 “

612 5032 664 5106 Ut
681 5032 828 5139 valeam
847 5030 963 5131 digna
981 5030 1351 5133 ritesonaremhelyi
1419 5079 1433 5092 ··
