4084 6000
889 996 1090 1141 ntegra
1106 1039 1291 1176 xlm
1401 1063 1408 1070 ·

398 1276 400 1283 v
445 1241 499 1310 Art
511 1239 713 1319 'Micioctcm
730 1247 969 1316 rossalssr]
987 1242 1442 1329 episcopumscutcrtmseu,
1460 1237 1598 1308 edendis
1617 1226 1708 1308 bouis

352 1394 354 1400 ’
445 1370 540 1437 tibris
567 1389 590 1438 o
617 1367 782 1460 Stcptuuo
808 1384 888 1458 repe
915 1369 1112 1458 ttuaporioc
1139 1370 1251 1437 uictae
1286 1369 1456 1437 societatis
1482 1373 1652 1437 auctorem
1678 1373 1709 1434 et

690 1567 694 1575 ,
797 1496 964 1580 fautorem
981 1499 1225 1566 meritissimum
1248 1493 1369 1564 1852..

452 1676 454 1681 ’
497 1643 608 1774 Quod
626 1683 766 1781 pietas,¹
785 1685 886 1784 grati
905 1690 1006 1781 quod
1024 1688 1142 1786 poscit
1161 1686 1321 1786 pectoris
1340 1694 1485 1778 aestus,
1580 1697 1582 1707 ’

600 1791 674 1865 Per
692 1808 759 1864 nos
779 1794 958 1867 devotum
973 1795 1026 1867 sit
1044 1796 1336 1895 Fogarassy
1353 1792 1435 1867 tibi.

495 1899 559 1974 Nil
577 1923 670 1995 opus
688 1898 751 1970 hic
770 1900 908 1992 musiS,
928 1904 1062 1976 cedant
1080 1928 1181 2002 vaga
1198 1902 1343 1976 somnia
1361 1909 1515 1975 vatum:

600 2007 657 2093 Tu
676 2006 800 2104 potior
817 2006 944 2100 nobis,
964 2010 1140 2084 Phoebus
1161 2021 1204 2083 ut
1225 2011 1340 2101 alter,
1359 2011 1456 2081 ades,

497 2112 682 2192 Sublimes
702 2113 839 2206 animi⁷
858 2115 990 2188 diuum
1010 2116 1074 2214 pia
1093 2143 1268 2208 munera,
1287 2117 1392 2189 dotes

601 2219 784 2296 Efficiunt
802 2219 925 2295 famae
944 2249 1020 2296 non
1039 2225 1153 2298 decus
1173 2235 1282 2297 omne
1301 2234 1399 2296 tuae.

414 2382 416 2385 -
495 2329 617 2412 Altior
635 2327 800 2428 assurgit
818 2328 932 2429 vigili
952 2331 1124 2425 quaesita
1142 2332 1270 2405 labore

602 2435 1480 2538 ΜᾙΜΜΜΜΜΜ,

496 2543 586 2617 Inde
604 2542 729 2616 virent
747 2545 920 2640 patulae,
939 2545 1161 2619 meritorum
1180 2543 1363 2644 praemia,
1381 2541 1499 2634 lauri,
1540 2562 1543 2570 ·

601 2650 650 2725 Et
668 2650 789 2722 honor
808 2653 1007 2748 amplexus
1028 2651 1170 2752 expetit
1189 2654 1276 2726 inde
1295 2646 1391 2726 tuos,

496 2757 699 2907 Hargiteos
716 2755 811 2831 fines
823 2771 1055 2882 ,praerupta
1075 2761 1291 2851 cacumina
1311 2760 1491 2831 clarum
1586 2789 1591 2795 ·

544 2865 815 2963 Exsuperat
833 2893 970 2940 nomen
988 2868 1065 2941 iam
1084 2869 1146 2955 Fo
1157 2891 1329 2967 garass
1340 2891 1371 2966 y
1394 2859 1514 2940 tuum.

496 2961 611 3048 Dacia
625 2971 791 3047 miratur
800 2973 1057 3096 ,plaususque
1076 2979 1208 3067 decent
1193 2986 1251 3048 ter
1269 2975 1447 3065 adornat,

602 3082 703 3155 Dum
723 3081 858 3180 recipit
876 3084 1033 3157 laetate
1052 3110 1073 3156 a
1074 3085 1129 3156 lta
1147 3080 1342 3157 Vienna
1314 3104 1415 3153 srnu.

405 3202 408 3206 ’
497 3186 636 3262 Montis
654 3199 697 3260 ut
715 3186 855 3263 intonsi
874 3201 984 3263 natus
1004 3193 1074 3264 sub
1095 3189 1233 3263 vertice
1252 3188 1377 3279 rivus
1427 3251 1428 3255 ,

601 3294 705 3370 Et
669 3295 818 3369 nivium
836 3308 874 3370 et
880 3297 1034 3419 'pluviis
1053 3297 1329 3418 multiplicatur
1347 3293 1471 3389 aquis:

499 3401 560 3477 Sic
578 3401 649 3476 tibi
668 3426 755 3500 opes
774 3403 910 3495 animi,
929 3404 981 3476 sic
1000 3404 1152 3509 nimbus
1172 3403 1334 3477 nominis
1354 3401 1521 3499 amplae,

603 3510 783 3585 Crescunt
802 3521 838 3583 et
855 3511 930 3585 late
948 3513 1070 3585 multa
1089 3506 1156 3610 per
1174 3536 1239 3584 ora
1257 3511 1398 3584 volant·

498 3614 626 3689 Etl
564 3642 610 3689 ve
612 3618 670 3689 lut
688 3616 729 3688 in
748 3616 898 3710 casum,
917 3619 979 3691 cui
997 3621 1156 3693 martius
1176 3618 1315 3715 eminet
1334 3619 1463 3709 ardor,

603 3724 695 3797 Dux
713 3722 759 3797 fit
777 3726 1018 3824 conspicuus,
1038 3727 1104 3823 qui
1122 3729 1234 3799 modo
1252 3726 1325 3799 tiro
1344 3720 1436 3797 fuit:

499 3827 582 3903 Non
600 3830 725 3904 minus
743 3856 936 3931 egressum
953 3834 1036 3907 ludi
1054 3836 1165 3908 modo
1184 3833 1318 3905 limina
1328 3830 1507 3929 pulchri
1595 3850 1599 3858 “

603 3937 684 4011 Iam
701 3950 739 4012 te
757 3939 936 4037 praesidii
944 3936 1127 4041 fulgidus
1146 3938 1265 4014 ambit
1283 3940 1413 4029 honos

499 4033 597 4117 Hinc
616 4071 714 4118 nova
733 4059 967 4147 consurgunt
984 4049 1141 4121 laudum
1160 4054 1403 4121 monumenta
1421 4054 1595 4167 tuarum,

605 4152 704 4227 Hinc
722 4153 862 4248 honor,
881 4155 971 4228 hinc
988 4154 1034 4229 tit
1019 4155 1090 4229 tuli
1102 4154 1240 4255 ,signa
1260 4156 1414 4247 decora,
1429 4151 1534 4228 novi.

499 4256 551 4334 Te
569 4241 843 4336 Varadinenses
863 4263 972 4336 exult
956 4268 1039 4335 tant
1057 4262 1226 4361 praeside
1245 4287 1393 4354 musae,

604 4367 868 4462 Budensesque
888 4370 1018 4462 decus,
1038 4369 1263 4466 deliciasque
1281 4378 1428 4453 uocant.

499 4471 572 4547 Hei
589 4473 702 4547 mihil
728 4500 843 4571 quam
860 4476 981 4550 latum
999 4476 1221 4553 meritorum
1240 4504 1277 4553 se
1296 4477 1463 4577 explicat
1481 4482 1641 4571 aequor,

605 4578 699 4670 Quis
718 4593 797 4657 rate
815 4594 894 4655 tam
912 4584 1028 4658 vastis
1047 4585 1181 4659 obvius
1200 4584 1271 4660 ibit
1256 4584 1428 4681 taquis‘?
1681 4590 1686 4602 “

501 4686 676 4782 Undique
697 4714 787 4799 cura
805 4690 963 4788 premit
927 4693 1072 4766 ttduc
1057 4703 1175 4767 torem
1195 4718 1357 4789 namque
1377 4716 1552 4791 sagacem

606 4791 737 4868 Res
698 4808 857 4871 sacrate
872 4799 1016 4919 poscit,
1035 4826 1168 4895 resque
1186 4799 1344 4899 profana
1363 4799 1446 4873 sibi

501 4898 615 4975 Tu
576 4927 661 4974 vrce
680 4905 735 4976 sol
721 4903 879 4976 lliciti
851 4929 903 4979 sic
921 4909 1038 5004 patris
1058 4906 1246 5008 fungum,
1265 4908 1380 4982 huius

606 5008 658 5084 Ut
676 5009 789 5086 simul
807 5010 909 5086 illius
928 5017 1125 5089 commoda
1144 5018 1254 5089 corde
1274 5013 1382 5089 feras,
