4084 6000
858 1069 944 1151 laus
962 1062 1100 1150 urbium.

453 1279 574 1362 Urbe‘s
593 1284 624 1359 si
641 1285 757 1378 tales,
774 1284 923 1385 genitor
939 1283 1172 1378 dulcissime,
1190 1285 1312 1360 dices:

348 1391 408 1470 Me
426 1393 504 1467 lare
523 1395 593 1468 sub
611 1391 734 1491 patrio
755 1403 919 1491 praestat
936 1393 1133 1466 traducere
1150 1392 1270 1467 vitam

347 1500 555 1575 Multorum
573 1498 769 1600 ignarum,
787 1499 906 1574 niveis
925 1522 1023 1596 quae
1040 1499 1207 1581 moribus
1224 1499 1315 1574 olim

348 1608 541 1682 Adflarent
558 1606 691 1706 culpae
710 1606 876 1682 maculas
894 1616 1108 1702 tetrumque
1124 1630 1322 1683 venenum.

348 1714 450 1790 Haec
468 1737 573 1806 mea,
590 1713 644 1789 mi
660 1713 739 1806 fili,
758 1712 873 1789 fuerit
891 1713 1076 1789 sententia
1094 1723 1237 1808 tecum,

348 1821 386 1898 Si
403 1821 510 1896 vivat
527 1831 698 1896 nostrum
715 1822 785 1896 soli
803 1821 876 1897 sibi
895 1821 1073 1917 quisque:
1092 1825 1157 1896 sed
1174 1822 1276 1896 eccel

346 1929 497 2021 Patria,
515 1953 612 2024 quae
631 1928 784 2030 genuit,
802 1938 947 2028 partem
967 1928 1040 2004 sibi
1057 1929 1232 2024 vendicat
1250 1928 1349 2007 eius.

346 2036 432 2129 Qua
449 2033 612 2110 fruimur
629 2035 744 2128 vitae,
764 2035 950 2132 fueritque
971 2061 1108 2137 negare
1126 2037 1303 2136 piaclum.

346 2144 450 2218 Haec
468 2166 557 2218 vero
576 2141 723 2240 quoties
741 2150 909 2242 (poteras
928 2145 1058 2220 audire
1076 2141 1310 2239 frequenter)

348 2250 420 2350 Spe
438 2251 630 2324 flammata
648 2250 711 2349 pia
729 2276 835 2325 roseo
853 2252 906 2325 sic
926 2275 988 2326 ore
1007 2251 1133 2326 locuta
1151 2262 1225 2326 est:

347 2357 547 2451 „Hunnica
564 2357 784 2457 progeniae,
802 2357 935 2433 Martis
954 2383 1136 2459 generosa
1153 2381 1343 2457 propago,

347 2465 501 2540 Virtute
527 2475 566 2539 et
592 2465 701 2539 bellis
720 2467 865 2540 dudum
886 2489 998 2563 super
1016 2466 1170 2540 aethera
1188 2465 1295 2540 notai

349 2571 482 2648 Solane
501 2581 544 2646 tu
561 2571 700 2671 poteris
719 2572 819 2646 tristi
838 2583 984 2671 torpere
1002 2573 1191 2648 veterno?

347 2677 508 2770 Quando
526 2677 597 2754 erit
615 2679 681 2752 illa
699 2679 799 2772 dice,
817 2702 893 2776 qua
911 2691 948 2755 te
967 2690 1109 2754 certare
1127 2679 1265 2754 videbo

347 2785 519 2886 Europae
537 2786 670 2887 primis
688 2787 857 2886 populis3
875 2811 951 2882 qua
970 2788 1069 2861 laeta
1087 2787 1252 2862 celebres

349 2894 504 2969 Artibus
523 2903 746 2989 aequantem
764 2893 892 2970 Gallos
910 2894 1119 2990 studiisque
1137 2893 1329 2969 Minervae

348 3002 603 3102 Conspiciam3
622 3012 741 3076 terras
758 3003 960 3103 peregrino
979 3004 1055 3077 sole
1075 3004 1237 3077 calentes

347 3109 563 3202 Visentem,
581 3119 619 3183 et
637 3104 761 3184 cultae
779 3120 976 3185 curantem
994 3109 1159 3210 insignia
1176 3110 1297 3200 vitae,
1426 3183 1429 3188 Α

348 3217 396 3294 Et
415 3217 515 3293 Maia
534 3216 655 3318 geniti
674 3241 804 3310 curas,
828 3218 1072 3314 studiumque
1092 3216 1314 3292 foventem?

347 3325 429 3400 Hac
447 3324 620 3426 neglecta
637 3324 758 3425 gemit
777 3325 839 3399 via
856 3325 1028 3424 publica,
1047 3326 1202 3426 grandis
1221 3348 1335 3399 arena

347 3434 437 3508 Inde
464 3432 664 3527 lutumque
682 3442 786 3507 vetat
804 3455 934 3507 cursus
956 3456 1106 3536 sperare
1125 3435 1325 3524 secundos,

350 3540 467 3640 Saepe
486 3540 645 3633 canales,
664 3542 729 3614 sed
748 3538 888 3615 frustra
906 3539 1131 3615 commercia
1149 3541 1333 3635 clamant3

349 3647 579 3724 Teutonibus
597 3671 843 3744 quaecunque
862 3656 999 3747 parant
1018 3648 1214 3722 conamina
1231 3646 1390 3737 famam,
1478 3675 1482 3692 ·

349 3754 477 3857 Urgeo
496 3756 763 3851 nequidquam.
783 3755 920 3854 Populi
937 3754 1103 3829 sollertia
1120 3754 1293 3829 dormit.“
1317 3784 1322 3791 ·

411 3910 413 3917 ,
458 3861 518 3938 Sic
537 3862 622 3955 illa,
641 3873 680 3937 et
699 3889 803 3938 vere:
828 3864 893 3937 sed
912 3886 988 3958 qua
1004 3872 1132 3936 tamen
1149 3886 1270 3957 usque
1287 3867 1457 3935 vetustae

348 3970 546 4046 Mutantur
563 3996 690 4045 rerum
708 3968 845 4063 facies,
862 3968 1068 4065 meliorque
1086 3970 1274 4045 subintrat

348 4078 396 4153 Et
413 4078 516 4153 vitae
534 4077 649 4171 ratio,
673 4088 711 4152 et
730 4078 963 4175 quaerendae
981 4080 1176 4152 commoda
1193 4077 1317 4168 vitae,

348 4186 469 4263 Urbes
488 4195 585 4260 sunt.
604 4184 700 4260 Nam
720 4210 806 4277 cur,
825 4210 922 4283 qnae
941 4195 1029 4259 sunt
1047 4183 1268 4276 manifesta,
1287 4204 1454 4258 recusem

349 4294 512 4368 Dicere?
535 4291 683 4392 Quippe
702 4293 851 4393 placent
869 4295 1001 4385 urbes,
1029 4295 1178 4389 quando
1196 4292 1290 4367 utile
1309 4289 1430 4392 poscit
1473 4312 1475 4316 ’

349 4402 530 4500 Tempus,
556 4410 723 4475 servatas
743 4400 774 4474 si
792 4399 924 4501 fruges
941 4402 1103 4475 vendere
1121 4400 1280 4500 possim,

349 4510 398 4585 Et
416 4531 550 4583 vaccas
568 4508 736 4601 vetulas,
755 4518 793 4583 et
811 4532 920 4601 ovea,
938 4519 976 4584 et
994 4509 1135 4583 vellera
1152 4509 1281 4599 lanae,

349 4617 397 4692 Et
414 4616 548 4714 pullae,
566 4616 658 4708 mel,
677 4616 752 4709 lac,
772 4624 809 4690 et
827 4624 951 4690 cetera
967 4616 1109 4691 rustica
1127 4618 1235 4690 dona.

350 4722 516 4800 Urbibus
535 4721 622 4797 inde
641 4722 756 4798 etiam
774 4723 856 4797 laus
874 4732 942 4817 est,
961 4722 992 4797 si
1011 4721 1108 4798 forte
1127 4725 1280 4799 colonus

348 4831 462 4907 Dives
481 4855 597 4930 opum
614 4829 730 4906 fuerit
747 4829 878 4929 positis
896 4832 935 4905 in
953 4829 1106 4905 foenore
1124 4830 1310 4927 nummis3

351 4938 501 5016 Vellere
517 4962 586 5038 pro
604 4941 741 5031 crudo,
759 4938 791 5013 si
809 4938 926 5014 serica
942 4940 1096 5014 tondeat
1113 4939 1265 5040 Aegon,
1375 5037 1379 5045 ς

353 5047 563 5148 Amplaque
580 5047 769 5148 possideat
786 5044 916 5123 diffusi
933 5046 1068 5148 iugera
1084 5046 1218 5147 campi.
1361 5146 1363 5150 ι
