4084 6000
960 640 1036 716 231

469 853 545 926 Ibis
565 854 735 929 secundis
755 865 885 930 vectus
902 852 1055 928 Etesiis:

469 961 600 1036 Comes
618 961 768 1037 viarum
786 962 944 1060 pulchra
962 962 1167 1053 modestia,
1309 947 1314 964 ⁸

573 1068 855 1144 Excelsa‘mens
874 1081 911 1145 et
928 1071 1068 1144 candor
1085 1069 1212 1161 ibunt,

678 1176 726 1252 Et
744 1177 912 1278 gravitas
930 1176 1143 1275 placidique
1163 1201 1294 1251 mores.

468 1283 624 1358 Frustra
640 1283 789 1359 laboras
808 1285 910 1386 regis
929 1283 1104 1362 amabilis
1222 1381 1225 1388 Ι

469 1389 565 1465 Fixo
584 1393 726 1466 morari
744 1391 864 1466 limite
881 1391 1046 1492 gratiam

573 1498 740 1573 Hemadi
758 1501 806 1573 ad
824 1512 910 1598 apta
928 1499 1130 1599 deligando

678 1607 826 1700 Litora,
847 1609 1007 1701 velaque
1026 1605 1290 1696 contrahendo.

468 1713 626 1788 Frustra
643 1724 839 1812 peroptas,
863 1714 986 1814 gloria
1003 1715 1240 1812 praesulum,

468 1821 622 1913 Latere:
646 1821 770 1919 prodit
788 1819 890 1895 fama
907 1822 988 1895 loco
1007 1831 1075 1894 tua

465 1957 468 1966 ’
575 1928 803 2021 Potentiore,
823 1928 911 2002 solis
929 1929 1067 2020 instar,

678 2034 755 2126 Qui
773 2035 950 2111 occiduus
967 2045 1072 2133 patet
1090 2060 1168 2109 esse
1188 2037 1317 2110 maior.

466 2141 536 2217 Dic
555 2167 665 2242 ergo,
682 2143 807 2218 fixum
824 2155 899 2218 est:
916 2142 1099 2236 „ibimuS,
1117 2142 1257 2218 ibimus

467 2247 577 2325 Ultra
594 2250 808 2342 Tibiscum,
828 2274 903 2346 qua
921 2250 1165 2326 Marahaniae

573 2355 672 2433 Olim
691 2362 873 2456 superbus
893 2358 1169 2434 Svendibaldus

633 2474 638 2486 “
675 2465 763 2540 Iura
781 2468 895 2540 dabat
912 2466 1062 2566 populis
1080 2463 1256 2539 subactis.
1291 2526 1294 2532 .

466 2569 551 2661 Qua
568 2571 710 2647 multus
729 2573 815 2648 urbi
833 2573 1178 2648 verticisimminet

467 2678 590 2753 Zobor
608 2681 773 2755 camenis
791 2679 997 2779 percelebri
1015 2679 1164 2773 Nitrae:

572 2786 644 2860 Hic
661 2797 808 2886 pastor,
832 2788 894 2862 hic
912 2787 1069 2887 posthac
1085 2788 1217 2861 locabo

677 2894 774 2970 Tuta
793 2896 972 2994 mapalia,
991 2894 1116 2970 forma
1134 2893 1255 2968 factus

466 3000 621 3102 Gregis:
641 3003 803 3079 revisam
822 3004 953 3079 dissita
973 3004 1089 3079 ovilia

464 3108 610 3183 Montes
628 3135 695 3209 per
713 3112 828 3205 alt0s3
848 3112 1020 3207 quisnam
1031 3109 1169 3207 ,ovium
1189 3120 1307 3185 status

572 3218 695 3318 Argus
713 3218 926 3314 requirenS,
949 3244 1046 3315 quae
1064 3218 1228 3293 reductis

675 3328 821 3401 Pabula
840 3327 961 3419 valle,
985 3326 1070 3422 quis
1090 3327 1188 3400 adsit
1206 3325 1333 3426 aegris

465 3431 589 3506 Oaulis
607 3433 761 3533 Apollo;
779 3435 1109 3534 laetaque'pascua

464 3539 682 3615 Monstrabo
701 3542 843 3615 sollers.
864 3539 1168 3617 Sollicitudinum

568 3647 671 3723 Haec
690 3648 738 3722 sit
755 3674 925 3724 mearum
943 3674 1063 3749 parva
1080 3674 1152 3723 non
1173 3672 1280 3747 pars,

675 3756 828 3832 Somnia
845 3781 942 3852 quae
961 3757 1093 3831 solitae
1112 3755 1248 3851 quietis

464 3864 646 3965 Persaepe
664 3870 878 3963 rumpant.“
896 3866 1052 3959 lamque
1068 3889 1136 3962 per
1154 3864 1290 3937 arduas

464 3970 601 4047 Turres
620 3972 776 4046 resultat
794 3972 936 4047 iubilus
954 3982 992 4046 et
1009 3970 1158 4071 fragor,

568 4078 648 4153 Iam
667 4090 767 4153 serta
784 4081 907 4155 rident
923 4105 991 4178 per
1007 4080 1170 4178 plateas,

673 4186 872 4287 Tympana
889 4187 966 4262 iam
984 4197 1161 4261 resonant
1177 4190 1357 4262 tubarum

360 4353 363 4359 .
463 4293 648 4393 Clangore
667 4293 799 4369 mixto.
819 4295 975 4371 Praesul
993 4295 1116 4370 adest!
1136 4319 1261 4386 amor,

462 4400 599 4499 Regis,
622 4425 778 4476 suorum
797 4403 974 4478 delicium
993 4415 1032 4477 et
1049 4405 1172 4478 decus.

569 4505 600 4583 Ο
619 4531 703 4582 care
721 4509 891 4606 praesul!
910 4512 1145 4609 postulamus

673 4614 837 4690 Nestoris
857 4625 899 4689 ut
915 4628 1076 4716 vegetus
1093 4643 1161 4716 per
1177 4644 1293 4695 annos

462 4721 580 4800 Vivas
598 4735 752 4798 tuorum
770 4724 911 4824 iugiter
927 4723 1060 4799 intimo

463 4832 592 4916 (lerdis
610 4841 800 4930 repostus:
825 4832 962 4906 sentiat
978 4832 1134 4907 ultimus

567 4941 649 5015 Irus
668 4949 736 5013 tua
755 4962 832 5013 sese
850 4937 971 5013 levari
995 4946 996 4949 ’

336 5050 339 5057 ’
465 5097 481 5139 .
672 5046 783 5123 Dulci
803 5071 893 5146 ope,
911 5045 1170 5148 praesidioque
1189 5061 1299 5129 certa.

856 5231 1120 5247 Μ
