4084 6000
891 1036 1092 1142 elogia
1118 1040 1263 1126 xlv.

444 1241 496 1313 Ao
519 1243 665 1313 ootolom
693 1243 830 1325 Ioooais
857 1243 951 1328 Bopt.
971 1250 1150 1308 GROSSER
1168 1241 1360 1314 rotulorum
1375 1243 1511 1331 piorum
1527 1269 1589 1339 por
1608 1250 1706 1318 Hou-

554 1368 687 1456 porium
703 1372 736 1435 ot
754 1365 1021 1436 Tromttoontom
1038 1367 1222 1453 praepositi
1239 1369 1461 1453 provincialis
1485 1372 1595 1442 1844.

498 1535 640 1650 iiruma
658 1577 776 1676 riget3
794 1578 861 1650 sed
879 1602 946 1650 uos
966 1588 1097 1652 tenera
1115 1578 1254 1676 pietate
1274 1579 1451 1654 calemus.

601 1681 706 1772 Quae
725 1683 821 1756 ratio
840 1686 924 1758 est?
944 1685 1061 1782 patris
1079 1695 1232 1783 pectora
1250 1697 1368 1761 torret
1386 1713 1502 1764 amor.
1615 1748 1619 1758 ,

498 1790 629 1865 Torret
646 1814 753 1862 amor
770 1815 933 1890 semper:
953 1793 1018 1866 sed
1036 1791 1137 1866 enim
1156 1804 1246 1867 sunt
1262 1803 1452 1893 tempora,
1471 1800 1644 1872 flammae

601 1897 703 1971 Dum
721 1896 841 1970 oordis
861 1899 979 1972 tacita
995 1901 1082 1973 sede
1100 1900 1217 1974 latere
1236 1913 1387 2000 negant.

498 2004 730 2103 Erumpunt,
748 2004 890 2100 altique
909 2004 1008 2080 fores
1027 2006 1212 2082 rimantur
1230 2008 1406 2108 Olympi,

602 2111 782 2186 Helantes
800 2137 948 2186 summo
967 2113 1082 2188 thura
1101 2125 1266 2190 cremata
1284 2116 1373 2190 Deo.

499 2217 559 2294 Sio
578 2229 652 2292 est:
672 2218 860 2292 natalis
880 2230 964 2294 tua
981 2243 1130 2319 praeses
1148 2234 1329 2319 provocat
1347 2249 1496 2316 omme,

601 2325 704 2416 Quas
722 2324 840 2426 pietas
859 2338 897 2401 et
915 2353 1021 2402 amor
1039 2327 1203 2427 possidet
1221 2353 1339 2424 usque
1358 2328 1469 2406 saeos,

496 2433 665 2529 Cumque
683 2435 771 2535 lyra
790 2435 914 2508 buxos
932 2447 1045 2536 urget
1063 2460 1130 2534 per
1148 2435 1316 2510 carmina
1335 2439 1453 2530 solvi,

603 2540 735 2636 Siquid
754 2540 885 2634 idest,
904 2541 1048 2616 meritis
1067 2543 1166 2617 iusta
1183 2543 1327 2618 tributa
1346 2544 1461 2619 tuis.

432 2644 435 2648 ⁸
496 2645 565 2724 His
583 2658 635 2723 tu
653 2659 779 2722 noster
796 2644 921 2741 amor,
939 2643 1206 2746 columenque,
1224 2651 1399 2746 salusque
1418 2655 1585 2746 voeatis,

601 2756 724 2851 Atque
742 2755 827 2854 piae
845 2755 1016 2857 fulgere,
1035 2769 1211 2853 oertaque
1229 2759 1339 2834 stella
1357 2760 1461 2834 rotis.

497 2863 656 2959 Quaque
674 2888 795 2938 novae
812 2867 981 2963 gaudent
999 2875 1084 2938 tua
1103 2865 1254 2965 cingere
1273 2876 1442 2965 tempora
1461 2869 1579 2962 lauri,

601 2970 671 3046 His
689 2996 788 3046 nova
806 2971 1006 3049 suooresoit
1025 2974 1318 3050 concelebranda
1336 3000 1454 3075 seges.

496 3079 546 3154 m
563 3103 667 3171 mea,
686 3089 836 3178 promta
853 3080 977 3179 prius,
994 3082 1162 3156 tardabis
1181 3106 1290 3155 musa
1308 3082 1464 3157 recentis
1578 3118 1580 3125 ,

602 3187 1485 3289 Adsaoranatalis‚quolioet,irepede‘?

496 3291 596 3383 Quin
616 3319 793 3393 propera:
814 3320 888 3368 non
899 3307 942 3372 te
961 3318 1093 3386 curae,
1111 3320 1187 3369 non
1204 3296 1319 3397 longa
1336 3310 1525 3389 moretur,

599 3398 817 3490 Quamlibet
835 3401 1028 3494 assiduae,
1046 3401 1116 3476 vix
1134 3406 1343 3503 superanda
1360 3404 1435 3478 via.
1574 3467 1578 3475 .

495 3507 736 3607 Tempestiva
753 3508 859 3601 lieet,
879 3506 994 3583 fueris
1012 3535 1099 3609 pars
1117 3511 1320 3605 quantula!
1338 3514 1486 3587 tardam
1541 3574 1545 3583 .

600 3616 659 3689 An
677 3641 752 3689 non
768 3642 820 3689 ex
838 3616 974 3691 merito
992 3617 1118 3718 gratia
1137 3618 1240 3693 nulla
1258 3620 1415 3693 maneti

495 3723 677 3822 Tempore
695 3726 804 3798 tarda
822 3723 910 3798 lieet
928 3724 1077 3822 venias3
1096 3726 1237 3825 pietate
1256 3730 1322 3801 sed
1339 3726 1417 3801 ima
1500 3792 1504 3797 .

600 3828 684 3905 Non
701 3856 774 3933 ego
791 3843 877 3931 post
894 3831 1057 3931 primam
1076 3846 1113 3909 te
1132 3859 1323 3933 superesse
1342 3836 1440 3935 volo.

496 3936 626 4034 Sitque
643 3948 770 4013 ratum
788 3939 860 4014 hoo
878 3940 1033 4040 superis.
1055 3941 1115 4018 Sio
1134 3967 1248 4016 aurea
1266 3952 1436 4041 tempora
1455 3943 1582 4035 nobis,

600 4045 682 4121 Hoo
699 4057 806 4147 patre
824 4071 921 4143 quas
939 4047 1109 4142 fuerent,
1129 4060 1277 4150 tempus
1297 4049 1335 4123 in
1354 4075 1463 4125 omne
1481 4052 1611 4125 fluent.
