4084 6000
900 627 904 635 ’
952 626 1030 703 217

571 839 628 917 Sis
646 866 751 918 meae
769 850 893 918 custos
910 851 948 919 et
966 865 1073 918 amor
1090 839 1286 936 iuventae3

569 949 720 1049 Dissipa
737 953 855 1024 nubes
874 951 999 1026 animo
1018 949 1196 1026 minaces.
1303 1032 1308 1044 .

572 1046 632 1132 Sic
651 1054 827 1154 frequens
847 1068 959 1160 grato
978 1055 1050 1133 tibi
1068 1057 1181 1131 thure
1199 1050 1320 1128 fumet

992 1164 1086 1257 Ara,
1113 1161 1245 1262 poesis.

886 1436 1097 1451 -n——un-

875 1735 988 1816 Me
1013 1734 1111 1816 ΙΙΙ.

929 1916 1057 2006 Lyra

464 2082 566 2200 llum
583 2126 690 2200 laxat
709 2126 832 2201 almus
850 2122 956 2200 frena
974 2126 1181 2219 Favonius,

466 2231 515 2307 Et
532 2258 619 2307 rara
636 2232 761 2308 vernis
780 2233 913 2310 nubila
931 2234 1074 2308 solibus

569 2340 701 2415 Divisa
720 2344 870 2434 cadunt,
891 2353 928 2417 et
946 2351 1098 2442 patente

675 2447 779 2524 Aura
797 2447 891 2524 levis
909 2461 1021 2524 vocat
1039 2449 1094 2523 ire
1112 2450 1235 2524 coelo:

464 2552 565 2646 Quid
584 2581 643 2631 me
662 2556 826 2656 ligatum
844 2549 1039 2631 blanditiis
1057 2568 1160 2631 tenes

463 2665 630 2739 Adsueta
648 2663 772 2738 tristes
791 2689 812 2738 o
831 2664 986 2765 Elegeia

570 2769 709 2846 Sonare
728 2781 873 2863 cantus,
891 2784 928 2845 et
946 2771 1043 2845 ciere

673 2879 768 2954 (lum
786 2878 934 2979 gemitu
953 2878 1127 2954 lacrimas
1145 2879 1332 2977 perenni?

463 2985 565 3078 Quin
583 3012 645 3061 me
663 2987 824 3062 recentis
844 2984 1001 3087 fulgura
1019 2985 1164 3087 gloriae

463 3096 623 3194 (lapsare
642 3105 680 3169 et
698 3095 774 3169 alto
793 3094 970 3169 carminis
990 3094 1079 3169 alite

568 3202 762 3294 Gaudere,
786 3201 1013 3297 sublimique
1032 3203 1174 3301 plectro

672 3310 905 3409 Increpuisse
922 3312 1052 3412 lyram
1069 3306 1227 3383 iuvabit.

465 3416 593 3492 Alcaei
612 3418 740 3491 adesto
759 3444 898 3493 numen
916 3418 1101 3509 amabile,

462 3524 571 3599 Divis
590 3524 775 3615 amicum,
799 3550 867 3600 nec
885 3528 978 3601 rude
997 3523 1185 3600 maximos

570 3631 712 3707 Ornare
731 3632 919 3707 victorum
938 3630 1170 3731 triumphos,

671 3739 720 3816 Et
737 3732 877 3814 virides
895 3741 1083 3815 celebrare
1100 3739 1255 3838 palmas.

460 3847 541 3921 Iam
560 3843 798 3921 fulminantis
816 3872 934 3947 regna
951 3855 1083 3947 patent
1098 3845 1196 3945 poli,

461 3954 653 4029 Vocamur
671 3955 797 4053 amplo
816 3955 1023 4030 coelituum
1041 3954 1149 4028 choro

566 4060 722 4136 Miscere
742 4064 879 4137 devota
896 4061 1139 4158 obsequentis

674 4168 788 4244 Sensa
804 4170 962 4269 piasque
980 4192 1109 4269 preces
1128 4192 1314 4243 camenae.

462 4274 593 4350 Molles
612 4277 788 4371 querelae
807 4278 947 4370 cedite,
965 4276 1096 4352 cedite.

461 4380 523 4456 Nil
540 4381 647 4457 triste
665 4408 734 4483 par
750 4394 807 4459 est
822 4385 981 4485 gignere
1000 4379 1160 4460 fortibus

566 4489 713 4582 Tellus,
731 4493 863 4568 beatae
882 4491 913 4567 si
931 4492 1077 4569 renidet

671 4598 783 4674 Emta
801 4599 929 4675 labore
948 4603 1081 4675 domus
1099 4598 1249 4695 quietis.

460 4706 510 4782 Et
528 4729 596 4780 vos
614 4717 760 4781 amatae
778 4706 925 4781 lumina
942 4707 1106 4806 patriae:
1153 4797 1159 4805 φ

427 4814 432 4822 ’
462 4813 548 4889 Sive
566 4813 695 4889 altiori
713 4813 869 4888 consilio
887 4813 1053 4916 inclyta3

567 4920 640 4999 Seu
659 4921 831 4996 dedicata
850 4944 936 4997 arae
954 4920 1140 4997 moventis

671 5029 814 5107 Cuncta
833 5030 1032 5131 supercilio
1051 5028 1250 5125 Tonantis,
1282 5061 1292 5089 x
