4084 6000
945 658 995 732 73

391 873 476 946 lure
495 871 615 970 igitur
632 895 770 970 prorex
790 869 924 945 ferales
942 872 1132 968 improbat
1150 893 1282 966 ausus;

495 979 581 1052 Iure
599 979 690 1069 tibi,
710 980 860 1075 praesul
879 978 1066 1067 maxime,
1085 1003 1231 1050 maeror
1248 979 1352 1052 inest.

390 1084 464 1160 Nos
483 1109 653 1181 quoque,
671 1109 764 1180 quos
783 1086 937 1184 propius
955 1095 1035 1158 tam
1052 1085 1210 1158 vulnera
1227 1085 1309 1158 dira
1327 1085 1533 1161 lacessunt.

493 1193 579 1266 Iure
601 1193 663 1291 pio
682 1194 825 1290 superis
844 1204 993 1290 pectore
1010 1203 1100 1264 vota
1119 1193 1262 1264 damus

390 1299 512 1374 Aurea
530 1300 740 1397 suscipiunt
758 1300 938 1374 clamores
957 1311 1057 1372 astra
1075 1309 1305 1397 prccantum.

495 1406 570 1479 Fac
589 1408 653 1504 pia
670 1417 779 1498 vota,
798 1409 903 1505 polos
922 1405 1068 1478 fervida
1086 1417 1176 1479 vota
1193 1417 1359 1480 movent

391 1513 511 1606 Quem
530 1513 633 1611 prius
651 1523 823 1586 extremo
841 1524 1035 1614 nutantem
1055 1537 1147 1612 pene
1166 1513 1293 1586 labore
1384 1569 1387 1575 .

494 1620 671 1696 Vidimus
687 1621 753 1693 eni
773 1621 915 1694 cunctis
934 1621 1164 1694 desideratus
1182 1621 1296 1693 adest.

391 1727 521 1804 Gratia
539 1727 758 1818 coelitibuS‚
775 1730 885 1803 vobis
903 1751 1054 1823 quoque
1074 1727 1218 1826 gratia,
1238 1731 1368 1802 doctus

493 1833 607 1926 Queis
624 1857 753 1908 suecos
770 1836 934 1908 medicos
953 1845 1135 1908 monstrat
1152 1835 1285 1932 Apollo
1304 1859 1400 1909 suos

388 1939 536 2040 Quippe
554 1954 674 2016 status
693 1941 793 2015 socio
811 1942 998 2032 donastis,
1017 1939 1132 2014 fratre
1152 1953 1324 2016 senatum

492 2050 751 2148 Purpureum,
770 2060 923 2123 cunctos
942 2049 1159 2144 laetitiaque
1179 2052 1305 2122 bonos.

388 2156 648 2232 Grandaevam
667 2156 736 2229 hos
755 2156 852 2229 inter
869 2167 1050 2249 matrem,
1068 2157 1288 2251 clarumque
1306 2168 1479 2254 nepotem

491 2261 584 2352 Quis
603 2263 749 2337 dubitet
767 2264 891 2361 primo
910 2289 1201 2337 commemorare
1219 2265 1331 2337 loco‘?

387 2367 491 2460 Quae
510 2370 582 2444 tibi
601 2395 687 2444 cara
706 2371 807 2443 salus
828 2371 961 2462 rediit,
980 2372 1161 2445 diuturna
1179 2383 1375 2469 perennet:

492 2479 621 2554 Clarus
638 2478 678 2551 id
697 2489 734 2552 et
752 2480 913 2577 populus
925 2490 1133 2574 nostraque
1151 2503 1259 2553 musa
1277 2489 1400 2552 vovet.

860 2805 1069 2817 m·

745 3119 946 3223 Elegia
974 3122 1175 3206 xvffl.

296 3442 299 3446 7
334 3344 387 3412 Ad
409 3343 547 3412 Petrum
573 3350 856 3408 xaossusmzxx
883 3342 981 3411 arcti
1004 3346 1194 3431 episcopum.
1221 3345 1395 3414 Coloczum
1412 3363 1431 3413 a
1450 3345 1592 3413 comitiis

545 3448 552 3462 '
681 3452 778 3536 repar·
795 3449 940 3519 Forento
956 3451 1114 3520 reducem
1136 3450 1246 3522 1829.

384 3618 546 3733 Solliciti
565 3681 685 3755 nuper
702 3659 793 3732 dum
811 3660 948 3734 lustrat
966 3657 1091 3761 gratia
1109 3662 1209 3762 regis

485 3764 622 3839 Dedita
639 3764 803 3839 iustitiae
823 3768 1062 3863 consiliisque
1080 3767 1172 3843 fora.

382 3874 560 3948 Pestanas
579 3872 697 3946 cernit
713 3875 863 3947 tabulas
881 3885 919 3949 11
936 3885 1037 3949 tecta
1056 3880 1235 3974 superba:

486 3979 653 4073 Moxque
672 3977 775 4053 fovet
793 3982 908 4055 tacito
926 3983 1068 4082 gaudia
1086 3984 1207 4057 multa
1226 3982 1320 4055 sinu.

382 4085 465 4161 Non
483 4097 609 4162 tamen
627 4086 721 4160 haec
740 4089 883 4185 patriae
902 4090 1002 4187 patri
1020 4092 1213 4164 cumulata
1230 4090 1427 4183 videntur,

487 4191 636 4292 Quippe
654 4194 728 4268 sibi
746 4219 876 4269 carum
894 4197 1006 4271 sentit
1025 4200 1152 4271 abesse
1170 4199 1335 4273 Petrum.

382 4297 459 4374 Nec
477 4326 603 4373 mora:
624 4302 756 4391 „Petra
774 4304 879 4392 veni,
898 4315 1023 4379 tecum
1043 4330 1134 4379 mox
1153 4305 1289 4379 clarior
1308 4303 1432 4400 inquit

486 4406 667 4507 Fulgebit
684 4410 943 4506 septemclara
961 4413 1273 4486 corona-virum.“

381 4513 556 4608 Dumque
576 4515 685 4588 novis
702 4517 880 4590 meritum
898 4519 1019 4593 titulis
1038 4531 1083 4593 01.
1093 4520 1300 4593 honoribus
1320 4530 1449 4611 ornat,

486 4620 535 4695 Et
553 4621 767 4714 Themidis,
785 4624 906 4714 dixit,
925 4652 1081 4700 munera
1099 4652 1204 4699 sacra
1224 4652 1342 4725 geres

383 4725 530 4801 Scilicet
549 4740 750 4827 augustas,
770 4731 1080 4806 excellentissime
1099 4734 1267 4832 praesul,

486 4833 569 4925 Qua
588 4835 743 4927 renites,
761 4837 883 4910 virtus
902 4864 975 4910 non
995 4838 1096 4939 fugit
1115 4842 1213 4913 alma
1234 4838 1340 4915 fores

380 4938 475 5015 Nam
494 4942 601 5015 velut
618 4943 732 5034 haec,
752 4944 846 5017 coeli
866 4946 1057 5019 carissima
1075 4947 1174 5038 filia,
1194 4948 1299 5022 divas

485 5048 588 5123 Inter
609 5051 784 5125 coelestes
802 5050 925 5152 prima
943 5055 1069 5127 sedere
1089 5055 1203 5129 solet:
