4084 6000
1008 619 1084 696 140

460 832 513 910 Te
529 835 639 908 lanae
659 844 846 909 exornant
862 832 947 908 afro
965 834 1026 908 bis
1043 833 1188 910 murice
1207 832 1366 927 tinctae,

563 939 612 1017 Et
629 940 749 1017 nitido
770 942 940 1042 splendet
957 966 1128 1041 purpura
1146 941 1268 1017 multa
1286 940 1382 1016 sinu.

459 1047 519 1123 Me
536 1050 625 1124 beat
642 1047 786 1150 exiguo
804 1072 1029 1149 procurrens
1046 1048 1165 1124 limite
1183 1047 1316 1141 vallis,

563 1155 743 1253 Ruraque
761 1154 960 1258 iugeribus
979 1155 1128 1250 iuncta,
1147 1156 1304 1249 Sabine,
1318 1155 1417 1234 tuis:
1552 1225 1557 1232 .

458 1263 653 1358 Parcaque
670 1287 746 1338 ncn
763 1266 929 1339 mendax
947 1263 1083 1342 Graiae
1101 1263 1199 1340 mibi
1215 1266 1314 1340 dona
1332 1287 1508 1339 camenae

564 1369 754 1478 Contulit,
770 1380 810 1446 et
827 1371 938 1472 vulgi
957 1396 1132 1471 spernere
1151 1381 1242 1446 vota
1259 1370 1373 1446 dedit.

936 1661 1106 1674 mmo-*nu
1111 1665 1146 1675 an-

855 1923 1058 2029 ltlegin
1086 1926 1229 2012 xvl.

704 2144 928 2233 licteplrcsis
946 2145 979 2215 t.
1000 2145 1063 2215 111.
1084 2145 1174 2215 Odor
1193 2146 1219 2216 l.
1240 2141 1381 2216 Hcrutir'.

457 2311 552 2431 llinc
570 2355 701 2456 procul
720 2353 914 2432 indoctum
932 2359 1099 2459 vulgus,
1117 2358 1248 2457 procul
1266 2366 1346 2431 esto
1364 2353 1576 2457 profanum.

561 2461 741 2560 Quisquis
760 2466 865 2538 adest
882 2464 1037 2568 linguae
1056 2465 1215 2568 garrula
1233 2467 1351 2539 verba
1368 2475 1533 2563 premat:

455 2571 624 2647 Devotus
643 2570 761 2646 musis
779 2597 854 2646 non
873 2597 1043 2670 unquam
1061 2571 1192 2647 audita
1210 2574 1403 2646 sacerdos

560 2678 736 2755 Carmina
753 2681 844 2754 dum
863 2680 1010 2780 pueris,
1029 2679 1320 2782 virginibusque
1338 2703 1481 2753 canam.

455 2785 579 2888 Reges
597 2786 637 2860 in
655 2787 815 2886 populos
832 2797 1010 2864 exercent
1027 2788 1113 2863 iura
1130 2786 1300 2862 timendi.

558 2893 731 2994 Regibus
749 2905 805 2970 est
822 2896 943 2970 maior
959 2898 1095 2971 dextra
1113 2897 1279 2969 verenda
1296 2894 1407 2968 Ievis.

457 3000 606 3080 Scilicet
623 3001 718 3078 haec
735 3002 861 3103 potuit
877 3005 1026 3079 validos
1043 3028 1219 3104 superare
1237 3002 1424 3104 gigantes,

559 3110 643 3209 Ipse
661 3109 862 3209 supercilio
881 3123 1017 3190 cuncta
1035 3136 1187 3186 movere
1205 3111 1319 3185 valet.

456 3216 587 3293 Latius
604 3217 669 3293 hic
687 3219 844 3293 arbusta
861 3219 1016 3315 quidem
1034 3218 1253 3320 peringens
1270 3216 1392 3319 ponit3

559 3323 632 3400 Hic
650 3349 789 3427 genere
807 3325 966 3401 illustris
983 3325 1116 3401 munia
1134 3350 1283 3400 summa
1300 3324 1404 3425 petit.
1443 3356 1446 3365 ·

454 3428 623 3509 Moribus
641 3431 705 3507 ille
723 3430 831 3532 cupit
847 3432 992 3533 potior,
1011 3431 1188 3529 famaque
1206 3432 1369 3533 praeire:

558 3538 752 3616 Plurimus
770 3539 861 3615 hinc
878 3538 998 3616 alium
1016 3539 1151 3640 stipat,
1169 3551 1208 3615 et
1225 3540 1311 3615 inde
1331 3539 1456 3615 cliens.

393 3724 396 3729 .
455 3648 505 3726 At
521 3671 622 3723 mors
639 3646 807 3747 insignes
823 3649 967 3747 pariter
983 3651 1189 3749 praedatur
1205 3658 1244 3722 et
1261 3647 1369 3723 imos.

559 3753 696 3831 Omnia
713 3753 822 3830 fatali
840 3756 994 3831 nomina
1010 3780 1101 3833 vase
1120 3758 1248 3831 latent.

451 3862 569 3940 Guius
586 3861 781 3938 districtus
799 3863 1009 3939 cervicibus
1027 3863 1200 3939 imminet
1217 3862 1335 3954 ensis,

557 3968 640 4046 Non
659 3969 887 4068 quidquam,
905 3971 1084 4047 timidum
1102 3972 1206 4069 quod
1224 3978 1427 4059 recrearet,
1446 3970 1562 4051 adest.

453 4076 537 4155 Non
554 4077 695 4153 siculae
713 4103 865 4153 mensae
883 4080 1033 4154 dulcem
1052 4076 1221 4155 conferre
1240 4100 1431 4177 saporem,

558 4181 641 4262 Non
659 4209 808 4261 somnos
826 4185 957 4262 avium
975 4211 1055 4262 vox
1074 4186 1335 4289 cytharaeque
1353 4182 1493 4259 valent.

453 4292 600 4389 Blanda
618 4293 746 4390 quies,
763 4294 962 4390 somnique
978 4296 1082 4380 leves
1099 4293 1260 4369 invisere
1279 4292 1459 4393 gaudent,

555 4398 661 4491 Quos
677 4424 797 4501 parva
813 4401 976 4477 retinent
994 4401 1137 4477 rustica
1154 4410 1254 4475 tecta
1271 4424 1366 4474 casa.

451 4507 640 4585 Umbrosc
657 4508 697 4583 in
709 4508 799 4611 ripa
816 4508 974 4608 cupiant
991 4534 1058 4586 seu
1076 4518 1239 4584 sternere
1257 4508 1448 4597 membra,

558 4614 632 4693 Seu
649 4626 775 4715 tempe
791 4615 980 4719 Zephyris
998 4617 1226 4719 pervolitata
1243 4623 1386 4716 petant.
1625 4714 1630 4722 Ι

451 4721 527 4818 Qui
543 4724 654 4826 plus‚·
668 4747 785 4820 quam
802 4722 894 4799 satis
910 4736 987 4818 est,
1001 4722 1081 4800 ¹nun
1099 4723 1262 4827 appetit,
1279 4722 1344 4798 ille
1361 4724 1490 4797 beatos

555 4827 697 4931 Exiget
714 4841 911 4907 strenuos
928 4856 1067 4935 speque
1085 4843 1264 4929 metuque
1279 4830 1371 4907 dies.

450 4935 534 5017 uon
551 4937 655 5021 huuc
673 4937 845 5033 secun,
862 4965 939 5017 uon
957 4951 1104 5016 terrent
1121 4940 1245 5017 sidera
1264 4960 1420 5041 caprae,

555 5045 659 5125 Haec
675 5045 766 5126 licet
781 5058 983 5150 assurgant
1001 5072 1182 5146 aequore,
1200 5056 1239 5121 at
1257 5045 1325 5123 ille
1342 5046 1490 5121 cadant.
