4084 6000
958 595 1146 672 83Ι

403 803 628 899 Dissimula,
648 806 793 903 quoties
811 805 959 885 hostilis
977 809 1113 912 lingua
1131 809 1298 907 lacessit3

510 911 561 989 Et
578 939 688 1007 cave,
706 915 738 989 si
757 917 903 1010 doleat,
920 915 1083 992 fulmina
1101 920 1212 993 bruta
1229 916 1366 994 vibres,

404 1023 521 1098 Plura
539 1021 632 1117 quid
650 1023 864 1098 admoneo?
883 1025 1000 1100 stabis
1018 1025 1162 1100 virtute
1179 1028 1323 1100 beatus.

507 1129 685 1205 Mortales
703 1129 826 1207 virtus
845 1133 924 1207 sola
943 1134 1056 1209 beare
1073 1143 1208 1234 potest.

876 1463 1087 1480 *-

823 1774 1024 1882 Elegia
1037 1768 1132 1864 w.

351 1993 405 2062 Ad
429 1993 611 2065 Martinam
637 1989 768 2061 souti
795 1995 989 2068 scholarum
1018 1998 1155 2086 piarum
1178 2000 1615 2090 precinciclcmsecundc-

690 2105 810 2191 primis
826 2106 939 2176 sacris
956 2112 1152 2194 operantem
1174 2105 1282 2176 1825.

405 2274 598 2390 ilaudia
615 2315 706 2388 dum
725 2312 920 2414 geminant
938 2313 1086 2407 cuncti,
1103 2314 1167 2414 pia
1184 2316 1318 2406 turba,
1338 2313 1499 2406 sodales

507 2423 590 2520 Ipse
609 2421 753 2514 minus,
771 2421 890 2520 pietas
908 2447 984 2519 qua
1000 2422 1109 2498 iubet
1126 2423 1202 2516 ire,
1220 2419 1351 2495 ferar?

404 2527 453 2604 Et
472 2528 566 2603 mihi
584 2552 681 2603 vena
698 2529 815 2622 calet,
834 2554 901 2604 nec
920 2532 1057 2604 desunt
1074 2540 1223 2629 pectore
1241 2529 1363 2619 urse,

511 2635 625 2728 Queis
642 2646 781 2711 certem
794 2637 907 2711 'sociis
925 2662 1000 2711 non
1018 2637 1141 2711 minor
1159 2662 1238 2712 esse
1256 2635 1360 2710 meis,

405 2741 567 2841 Estque,
585 2741 732 2841 fuitque
750 2768 857 2820 meus
874 2769 1074 2844 praeses
1102 2754 1326 2836 arcuatus,
1345 2752 1388 2818 ut
1404 2741 1500 2835 illis,

509 2850 579 2928 (lui
596 2849 711 2925 micat
728 2850 822 2926 haec
839 2849 944 2927 felix·
952 2863 1106 2948 terque,
1125 2861 1334 2949 quaterque
1353 2850 1442 2924 dies.

405 2958 454 3034 Et
470 2957 583 3052 mihi,
602 2982 696 3055 quos
714 2958 961 3053 sociis‚.ide1n
979 2968 1121 3060 pater
1139 2957 1285 3035 addidit
1301 2959 1430 3063 ignes,

510 3067 594 3160 Quo
612 3067 740 3169 capiar
757 3066 872 3142 sacris
890 3069 1031 3144 blanda
1048 3067 1182 3143 Thalia
1200 3065 1287 3143 tuis
1444 3164 1446 3167 Ι

405 3175 461 3249 Tu
480 3200 622 3251 cessare
641 3184 788 3267 tamen,
806 3173 962 3271 reliquis
979 3176 1229 3269 laetantibuS,
1248 3176 1392 3249 audes?

508 3283 584 3359 Nec
604 3308 781 3383 properas
798 3293 950 3383 gratam
967 3286 1121 3359 reddere
1139 3308 1247 3358 musa
1266 3282 1419 3357 vicem?
1464 3312 1466 3317 ·

403 3387 504 3480 Quin
521 3392 626 3492 agis,
643 3401 682 3464 et
700 3390 884 3487 quidquid
902 3392 970 3491 tali
988 3394 1034 3466 de
1053 3392 1129 3466 sole
1148 3389 1281 3465 caloris
1412 3482 1414 3487 Ι

509 3496 708 3591 Hauseris‚
726 3501 825 3573 unde
843 3508 968 3593 tenes,
985 3502 1078 3573 dum
1096 3498 1203 3591 licet,
1221 3498 1323 3573 ultro
1343 3495 1469 3599 refers.
1517 3538 1519 3543 .

406 3605 554 3681 Scilicet
572 3618 610 3682 et
627 3606 755 3699 rivuS,
773 3606 939 3705 trepidat
957 3632 1032 3703 quo
1051 3603 1154 3681 fonte
1171 3605 1365 3706 perenniS,

509 3715 552 3789 ln
572 3739 674 3788 mare
692 3713 889 3813 praecipiti
907 3715 1076 3790 volvitur
1093 3738 1212 3810 usque
1230 3715 1334 3812 pede.

406 3820 537 3922 Aspice
556 3822 660 3918 quie,
678 3821 856 3917 qualique
874 3821 996 3898 nitens
1014 3822 1064 3896 sit
1081 3845 1257 3913 munere,
1275 3819 1427 3914 quantis

510 3928 626 4005 Annis
645 3941 681 4003 et
698 3928 843 4003 meritis
860 3929 910 4003 sit
926 3940 1070 4031 pater
1086 3927 1151 4001 ille
1171 3925 1319 4028 gravisi

406 4036 519 4129 Mox,
536 4048 650 4137 putu,
667 4049 920 4137 praemetues,
938 4061 1054 4134 quam
1071 4046 1224 4135 portum
1241 4035 1342 4109 laeta
1360 4034 1515 4126 salutet,

511 4143 706 4220 Fluctibus
723 4143 764 4218 in
780 4143 913 4219 mediis
930 4171 977 4220 ne
994 4156 1061 4219 tua
1079 4146 1219 4244 cymba
1236 4150 1376 4243 gemat.
1396 4200 1398 4203 .

406 4252 455 4328 Et
472 4252 626 4328 merito:
646 4251 731 4348 quis
750 4252 870 4344 enim,
889 4253 1016 4328 decies·
1031 4250 1107 4325 iam
1126 4250 1291 4347 quinque
1309 4259 1479 4350 peractas

512 4361 681 4455 Aestates
699 4358 842 4458 superis
860 4359 976 4435 thura
992 4359 1156 4453 litarde,
1174 4358 1316 4433 canat?
1421 4396 1445 4455 χ

408 4466 500 4564 Quis
518 4468 672 4568 capiat?
692 4490 789 4564 quae
806 4466 855 4541 sit
871 4464 1069 4561 maiestas,
1088 4476 1302 4563 quantaque
1320 4464 1444 4539 virtus
1532 4494 1549 4529 s

469 4572 474 4589 ’
511 4577 741 4651 Immensum
759 4584 844 4649 ante
862 4600 947 4651 cras
964 4576 1095 4651 sistere
1111 4598 1219 4674 posse
1236 4572 1377 4648 Deum!

406 4683 456 4761 Et
472 4694 601 4759 tamen
616 4682 681 4760 ille
699 4692 862 4783 pater,
880 4684 942 4759 cui
959 4685 1031 4758 lux
1048 4683 1142 4757 haec
1160 4663 1284 4756 lausta
1301 4678 1479 4773 recurrit,

510 4792 646 4868 Lustra
663 4794 791 4867 decem
808 4790 848 4865 iu
866 4816 1018 4890 superos
1036 4790 1130 4866 talia
1145 4788 1229 4863 iura
1245 4796 1357 4882 tenet.

410 4898 459 4975 Ol
479 4900 624 4996 quoties
642 4901 788 4975 coelum
806 4896 965 4974 secundo
984 4923 1068 4974 rore
1085 4899 1261 4999 pluebaS‚
1333 4954 1336 4959 .

446 5013 450 5027 '
513 5007 687 5109 supplice
703 5006 896 5083 devictum
912 5031 1006 5090 voce
1024 5029 1213 5103 manuque
1230 5002 1453 5178 patriae*
1496 4988 1498 4995 ’
1540 4981 1552 4995 ’Ν
