4084 6000
959 586 1046 698 ¹rae

422 834 557 910 Dicere
575 835 607 907 si
625 844 725 908 recte
741 833 895 933 cupies,
914 846 952 910 et
969 835 1103 911 vivere
1119 839 1303 936 prudens,

527 939 635 1016 Hanc
653 943 833 1034 memori,
851 967 1007 1036 moneo,
1025 954 1174 1043 pectore
1191 943 1270 1044 fige
1287 957 1437 1022 notem:

423 1047 545 1124 Multa
562 1048 673 1145 audi3
693 1050 754 1126 dic
771 1074 913 1148 pauta3
931 1061 1013 1129 tace
1033 1051 1183 1148 abdita3
1203 1052 1304 1128 disce
1322 1054 1460 1128 minori

528 1156 707 1254 Parcere3
725 1157 861 1235 maiori
877 1159 1030 1255 tedere
1047 1155 1145 1236 ferre
1165 1184 1305 1258 parem.

994 1422 1016 1463 ἡ
1124 1408 1129 1415 .

866 1488 887 1526 Ἰ
1125 1489 1146 1527 Ἰ

423 1690 571 1766 Nesciet
589 1692 655 1765 ille
674 1717 833 1792 gravem
852 1718 1064 1770 sermonem
1081 1705 1231 1788 texere,
1250 1695 1421 1792 quisquis

528 1798 710 1898 Tempore
728 1825 804 1877 uon
821 1800 958 1891 didicit
974 1801 1047 1880 rite
1065 1812 1187 1880 tcoere
1207 1827 1286 1882 suo.
1477 1874 1482 1882 .

424 1908 536 1983 Posse
555 1907 703 2007 placere
721 1909 821 1986 bono
839 1918 1026 2008 praestat,
1043 1910 1373 2009 quampluribus,
1392 1911 1477 1992 illos

529 2014 569 2090 si
585 2027 677 2092 nota
693 2014 883 2112 nequitiae
900 2041 977 2092 non
993 2016 1175 2098 soluenda
1194 2029 1330 2096 manet.

423 2120 556 2216 Erras,
575 2122 608 2196 si
625 2124 752 2199 doleas
771 2121 898 2201 felices
917 2148 996 2203 esse
1013 2127 1216 2224 superbos3
1339 2135 1341 2142 ’

414 2328 417 2332 ¹
526 2229 659 2324 Erras,
678 2230 746 2327 qui
763 2231 885 2326 rides,
903 2233 995 2309 dum
1013 2233 1135 2332 gemit
1153 2233 1347 2314 innocuus.

425 2337 596 2413 Sancitae
613 2338 691 2439 legi
708 2341 873 2439 prudens
890 2364 1022 2440 parere
1042 2351 1230 2420 memento
1238 2369 1252 2421 :¹
1324 2409 1327 2414 ,

527 2444 641 2521 Utilis
662 2446 776 2543 hacc;
794 2446 888 2522 alias
904 2458 962 2523 est
980 2446 1152 2525 nocitura
1168 2447 1250 2528 tibi

423 2550 591 2628 Fortuna
609 2553 753 2628 ridente
772 2556 890 2629 bonos
909 2554 982 2631 tibi
996 2555 1126 2655 vdelige
1145 2554 1306 2651 amicos3

531 2659 702 2736 Sinceros
720 2663 815 2736 dura
833 2673 931 2737 sorte
949 2662 1117 2768 minente
1135 2664 1264 2762 proba.

397 2795 399 2799 ⁷
423 2765 562 2843 Navita
579 2794 671 2843 num
689 2768 828 2844 validis
847 2770 947 2844 norit
964 2781 1139 2866 torquere
1158 2769 1308 2844 lacertis

528 2875 687 2970 Remos,
705 2890 914 2952 commotae
933 2875 1101 2979 Tethyos
1119 2877 1178 2952 ira
1195 2878 1314 2952 docet.

423 2981 711 3087 Magnanimum
728 2984 869 3085 pariter
884 3003 1000 3081 quern
1015 2983 1148 3063 laudes
1166 2983 1298 3061 Martis
1317 2984 1532 3079 alumnum,

528 3092 738 3169 Ostendunt
756 3093 845 3169 forti
862 3093 1005 3193 praelia
1023 3103 1132 3194 gesta
1151 3118 1277 3177 mauu.

423 3200 499 3275 Nec
517 3200 610 3275 satis
627 3212 684 3276 est
701 3200 832 3278 niveos
850 3201 1013 3283 eliorum
1032 3222 1214 3298 quaerere
1232 3222 1391 3296 moresq·
1488 3260 1495 3277 .

529 3306 627 3383 Ante
644 3307 737 3382 alios
755 3308 831 3383 illis
850 3309 928 3408 ipse
947 3308 1070 3383 nitere
1089 3311 1208 3384 stude.

332 3476 335 3479 .
424 3413 525 3505 Quid
543 3416 653 3490 iuvat
670 3427 826 3517 aegroto
844 3441 976 3496 succos
993 3441 1203 3493 memorare
1220 3417 1410 3511 salubres;

529 3522 577 3599 Ni
594 3524 711 3597 lassas
729 3534 925 3623 penetrent
942 3524 1150 3623 pharmaca
1167 3522 1285 3614 mista·
1296 3522 1443 3603 fibras?

424 3628 513 3703 Esse
532 3631 638 3731 cupis
657 3633 796 3727 quales
807 3631 922 3724 alios,
938 3632 1020 3731 ipse
1039 3656 1117 3713 esse
1135 3632 1287 3709 labora:

528 3736 577 3812 Et
595 3739 879 3839 curcexemplo
897 3739 1035 3836 cuique
1053 3738 1198 3839 praeire
1216 3742 1325 3813 bono.

796 4035 801 4041 .
995 4003 1016 4044 c

866 4069 886 4108 c
1126 4068 1147 4106 c
1234 4115 1238 4121 ,

425 4276 457 4350 O
475 4275 637 4349 formose
655 4273 767 4374 puer!
783 4274 864 4350 noli
881 4272 1067 4349 confidere
1086 4270 1241 4369 formae.

530 4380 676 4457 Iniiciet
694 4378 836 4456 formae
853 4383 993 4455 mna
1010 4390 1160 4457 senecta
1176 4390 1276 4453 tuae.

425 4489 500 4563 Ista
518 4491 652 4588 decens
669 4487 786 4563 facies
803 4487 911 4588 rugis
929 4488 1122 4579 horrebit,
1141 4497 1179 4561 et
1199 4484 1313 4575 eheu!
1524 4565 1544 4575 Ι,

355 4609 358 4616 “
529 4597 610 4671 Iam
627 4621 702 4670 non
719 4594 877 4695 pulcher
894 4596 986 4688 eris,
1003 4596 1072 4691 qui
1090 4596 1201 4671 modo
1218 4590 1376 4692 pulcher
1395 4616 1486 4665 eras.
1547 4601 1549 4605 ’

425 4702 507 4778 Non
525 4706 618 4779 adeo
636 4703 851 4799 quaerenda
865 4702 924 4777 tui
940 4702 1011 4777 tibi
1030 4702 1156 4802 gratia
1172 4700 1319 4791 vultus,

529 4810 696 4887 Pectoris
714 4836 758 4885 ac
775 4820 948 4885 constans
964 4808 1183 4909 ingeniique
1200 4809 1354 4882 bonum.

425 4918 523 4993 Huic
541 4918 615 4992 nisi
632 4927 873 5019 perpetuam,
890 4916 991 4993 noris
1009 4917 1125 5009 bene,
1143 4938 1297 5015 surgere
1316 4912 1476 5009 famam

530 5024 613 5101 Hoc
629 5026 710 5101 nisi·
719 5035 950 5103 constructos
967 5048 1037 5125 par
1054 5046 1232 5124 superare
1248 5046 1370 5122 rogos.

1403 5128 1424 5200 9
