4084 6000
1058 611 1136 686 124

932 999 1133 1144 ntegra
1160 1041 1257 1126 nx.
1310 1070 1312 1074 ·

627 1262 669 1333 Ia
693 1261 847 1334 tumidas
872 1262 1049 1333 admodum
1074 1261 1183 1348 sedas
1209 1265 1419 1334 autumnales
1449 1263 1557 1336 1833.

513 1430 610 1548 lieee
627 1469 725 1570 pluit
743 1471 910 1545 rursum!
930 1471 1016 1566 quis
1035 1471 1106 1546 erit
1123 1470 1199 1547 iam
1216 1470 1335 1546 finis‘?
1354 1483 1394 1546 at
1412 1472 1493 1572 ipsa

616 1577 805 1653 Imbribus
823 1577 982 1654 assiduis
1000 1603 1095 1652 saxa
1114 1580 1236 1654 soluta
1252 1590 1392 1679 putem.

514 1685 689 1781 Undique
700 1686 911 1760 densantur
928 1697 1178 1786 praegnantes
1197 1687 1346 1762 aethere
1365 1685 1504 1779 nimbi,

616 1792 698 1868 Vix
715 1791 792 1867 ruit
810 1792 872 1866 hio
889 1792 1030 1892 pluviis
1047 1793 1244 1886 horridus,
1262 1795 1358 1869 alter
1375 1795 1489 1870 adest.

514 1899 696 2002 Tegmine
714 1903 785 1974 sub
803 1900 908 1998 pullo
926 1901 1020 1975 eoeli
1040 1899 1142 1974 frons
1160 1904 1278 1978 ardua
1296 1912 1456 1993 maeret,

617 2005 914 2103 Aurieomusque
932 2031 1037 2082 secus
1055 2008 1244 2110 Cynthius
1262 2009 1341 2107 ipse
1358 2009 1474 2082 latet.-

511 2115 680 2216 Ergone‚
698 2114 867 2207 Phoebe,
885 2113 973 2188 sinis
991 2114 1178 2190 radiantia
1196 2116 1341 2190 lumina
1358 2126 1462 2189 tanto

616 2222 774 2320 Impune
792 2219 987 2296 imbrifera
1004 2233 1172 2322 tempore
1190 2226 1289 2298 nube
1307 2222 1418 2322 tegi?

512 2328 602 2404 Fors
619 2340 707 2421 tua,
725 2352 822 2424 quae
839 2329 949 2404 solita
965 2339 1022 2403 est
1040 2330 1259 2404 densissima
1276 2329 1407 2405 nubila
1423 2339 1567 2406 torrens

613 2428 908 2536 Rumpere'fax,
926 2447 1072 2511 ueteres
1091 2437 1253 2536 perdidit
1271 2438 1354 2537 ipsa
1373 2435 1504 2513 focos?

510 2545 586 2622 Aut
603 2543 777 2619 madidus
796 2543 924 2642 rapuit
941 2543 1070 2618 Triton
1088 2544 1159 2621 tibi
1178 2545 1262 2620 iura
1280 2544 1425 2644 priora,

616 2651 692 2726 hut
710 2650 816 2751 piget
834 2653 990 2726 adsueta
1006 2653 1087 2726 lora
1104 2663 1228 2726 tenere
1246 2655 1391 2727 manu?

510 2759 579 2853 At,
597 2759 629 2834 si
646 2759 798 2834 Phoebe
816 2758 935 2858 sapis,
952 2782 1050 2854 quae
1067 2761 1220 2835 demum
1237 2785 1384 2856 cunque
1403 2772 1571 2836 moratur

615 2865 755 2958 Causa,
772 2866 915 2940 micans
932 2865 1066 2941 titulos
1084 2867 1156 2944 ibis
1175 2893 1299 2942 amare
1318 2879 1414 2942 tuoe.

514 2973 573 3051 Tu
590 2983 697 3074 pater
714 2982 921 3070 astrorum,
937 2974 1083 3067 telluris
1103 3000 1242 3051 numen
1259 2975 1429 3068 haberis,

615 3080 663 3157 Et
681 3081 852 3181 placidus
868 3082 981 3156 lunae
999 3080 1137 3177 frater,
1154 3094 1192 3157 et
1210 3084 1310 3158 orbis
1329 3109 1444 3159 amor.

428 3191 432 3205 '
511 3189 563 3265 Te
581 3189 753 3264 volueres
771 3189 879 3263 dulei
890 3201 1106 3289 surgentem
1124 3216 1217 3266 voce
1235 3192 1420 3284 salutant,

614 3295 663 3371 Et
681 3295 832 3388 laudes,
851 3295 983 3371 volitet
1000 3322 1078 3371 nox
1096 3298 1183 3373 lieet
1201 3308 1302 3391 atra,
1320 3310 1479 3379 canunt:

509 3402 589 3479 Vix
609 3427 778 3478 vermem
794 3399 951 3495 referes,
969 3404 1040 3477 vix
1057 3404 1238 3499 herbam,
1258 3406 1363 3481 ouius
1381 3432 1507 3483 amore

614 3508 697 3585 Non
714 3510 835 3585 laetus
853 3510 948 3584 coeli
964 3511 1092 3590 lueida
1109 3536 1227 3613 regna
1243 3524 1356 3619 tenes.

509 3618 558 3692 At
574 3616 652 3692 iam
669 3616 728 3692 bis
746 3616 882 3693 tacitae
901 3630 1099 3694 creverunt
1116 3642 1256 3696 cornua
1273 3622 1405 3715 lunae,

614 3723 727 3801 Nulla
745 3736 877 3800 tamen.
888 3725 997 3799 terris
1014 3727 1158 3802 lumina
1175 3729 1271 3803 luna·
1283 3728 1400 3804 dedit·
1450 3761 1452 3767 ¹
1526 3801 1528 3805 ,

509 3829 684 3908 Nubibus
701 3832 862 3908 aeternis
880 3833 1017 3932 pateris
1036 3834 1070 3908 si
1085 3836 1232 3910 lumina
1247 3835 1374 3929 condi,
1421 3918 1423 3923 ,
1479 3870 1482 3887 v

613 3938 688 4032 Qui
706 3943 804 4016 eolat
820 3941 1032 4035 imbellem,
1051 3940 1177 4017 forsan
1195 3943 1331 4039 aliquis
1349 3944 1451 4018 erit?

509 4047 662 4148 Aspioe,
680 4071 795 4143 qnam
812 4048 931 4123 tristis
948 4059 1106 4124 naturae
1126 4061 1181 4125 est
1197 4051 1348 4147 vultus3
1368 4062 1407 4125 at
1424 4051 1532 4125 illum

612 4155 871 4255 languentem
890 4157 1028 4257 poteris
1047 4156 1202 4233 erimine
1220 4156 1316 4233 ferre
1335 4160 1432 4233 tuo‘?

509 4265 643 4355 Prata,
662 4286 867 4359 nemusque
886 4263 1016 4357 silent,
1035 4275 1072 4339 et
1089 4266 1219 4341 multis
1237 4265 1342 4341 ebria
1359 4264 1497 4340 nimbis

611 4368 836 4445 Extremum
853 4372 987 4471 lugent
1005 4373 1270 4473 adproperasse
1289 4372 1399 4448 diem.

508 4477 683 4553 Flumina
700 4488 804 4553 trans
822 4476 922 4577 ripas
940 4479 1131 4574 equitant,
1151 4480 1299 4577 rivique
1318 4504 1470 4579 rapaces
1501 4543 1503 4547 .

613 4585 736 4681 Atque
755 4587 887 4659 domos
904 4610 1030 4661 seeum
1049 4612 1143 4662 saxa
1161 4612 1366 4683 nemusque
1385 4587 1554 4663 trahunt.

508 4692 569 4770 Me
587 4692 787 4768 miserunt
805 4692 955 4789 quantis
973 4706 1178 4797 assurgunt
1194 4695 1371 4772 fluetibus
1389 4696 1533 4788 undae,

611 4800 727 4875 Adria
744 4825 838 4898 quas
855 4802 985 4901 patulo
1003 4804 1169 4879 eontinet
1187 4804 1266 4902 ipse
1285 4802 1387 4877 sinu!

508 4906 612 5000 Quot
629 4908 774 4983 laceras
790 4932 904 4985 naves
921 4920 1078 5008 pontus,
1098 4923 1190 5009 quot
1208 4909 1340 4986 funera
1358 4911 1501 5010 portat!

611 5014 706 5108 Quis
723 5016 897 5122 Pyrrhae
915 5016 1060 5096 dubitet
1078 5019 1199 5095 saecla
1216 5017 1354 5093 redisse
1373 5019 1522 5094 novae?
