4084 6000
915 650 989 726 125

369 860 541 964 Virginis
559 873 597 938 et
614 863 733 952 librae
750 863 967 965 gratissima
984 863 1126 956 sidera,
1143 871 1268 938 vester

473 971 580 1046 Anne
598 981 708 1071 parat
723 981 841 1064 terras
858 971 1072 1047 destituisse
1089 969 1228 1060 favor‘?

367 1077 554 1154 Rurieolis
572 1079 665 1154 alias
685 1105 822 1157 messes
839 1079 1017 1180 portastis
1037 1077 1200 1179 opimas3

472 1183 601 1279 Nune,
619 1189 721 1283 quod
738 1213 855 1262 verna
873 1186 952 1262 dies
970 1185 1164 1286 praebuit,
1182 1186 1303 1262 imber
1320 1183 1444 1260 habet.

368 1292 543 1368 Donastis
562 1293 702 1393 passim
720 1305 889 1370 maturas
905 1293 1049 1369 vitibus
1066 1317 1181 1391 uvas3

472 1399 581 1477 Nune
600 1427 682 1502 spes
700 1402 884 1478 vinieolae
902 1403 1005 1476 lenta
1023 1402 1183 1502 putredo
1201 1409 1320 1476 vorat.

367 1509 543 1585 Balantes'
560 1511 744 1609 pecudes,
761 1512 923 1586 nudatae
941 1509 1102 1602 vellere,
1120 1509 1219 1584 saltu

471 1616 699 1692 Exhilarant
716 1617 840 1719 lepido
857 1616 1001 1693 torrida
1016 1641 1107 1692 rura
1124 1613 1240 1716 prius

366 1723 450 1823 Ipse
468 1724 583 1800 etiam
601 1725 707 1799 molli
724 1725 901 1828 Corydon
918 1724 958 1798 in
975 1724 1114 1824 oespite
1133 1732 1271 1798 stratus

471 1832 647 1910 Certabat
664 1833 839 1927 calamis,
857 1831 1000 1934 Thyrsi
1018 1855 1173 1924 canore,
1190 1830 1279 1906 tuis.

367 1937 498 2015 Gratia
515 1965 603 2015 eum
620 1941 802 2043 nymphis
820 1965 931 2016 auras
948 1951 1099 2040 oaptare
1118 1948 1285 2039 tepentes
1326 1997 1330 2004 .

471 2046 625 2141 Gestiit,
643 2059 681 2123 et
699 2050 827 2124 duloes
845 2072 996 2148 carpere
1013 2047 1092 2123 vite
1109 2041 1265 2124 botros,

367 2153 474 2229 Delia
493 2153 705 2232 frondentes
722 2159 914 2259 gaudebat
931 2156 1052 2231 visere
1070 2156 1210 2248 saltus,

471 2262 712 2361 Candidaque
729 2264 840 2340 illimi
858 2288 1029 2366 mergere
1047 2263 1217 2340 membra
1234 2262 1331 2338 lacu.

364 2368 469 2446 Haeo
486 2369 644 2472 viguere
663 2372 735 2448 tibi
752 2374 845 2447 dum
863 2372 975 2448 Titan
992 2382 1095 2446 oerta
1113 2379 1277 2470 potestas

470 2476 553 2553 Non
571 2481 700 2554 deerat
717 2480 866 2585 rapidas
883 2479 1074 2556 exeruisse
1093 2476 1203 2553 facee.

365 2583 440 2676 Qui
457 2594 495 2660 te
514 2612 613 2661 nuno
631 2587 797 2680 lentum,
815 2586 883 2684 qui
899 2613 975 2662 non
993 2595 1144 2662 aoouset
1160 2585 1363 2674 inermem,

470 2692 509 2768 Si
527 2695 666 2788 neseis,
685 2696 832 2770 nullum
851 2694 927 2769 iam
946 2717 1137 2794 superesse
1155 2690 1291 2766 ferunt.

365 2798 426 2876 Sio
444 2825 516 2902 ego
534 2803 717 2904 stelligeri
735 2802 894 2877 sinerem
912 2811 1092 2903 regnator
1101 2797 1256 2902 Olympi

468 2909 646 2984 Imminui
664 2909 778 3011 rapiti
795 2909 923 2985 dehita
941 2909 1027 2983 iura
1045 2909 1161 2982 meo‘l

362 3012 485 3090 Eurus
504 3041 590 3092 oum
609 3018 717 3093 soeiis
735 3019 877 3111 Gauro,
894 3019 1110 3115 Boreaque,
1128 3014 1299 3112 Notoque

469 3126 649 3200 Parerent
666 3126 776 3201 iussis
793 3127 994 3227 (spondeo)
1012 3124 1084 3200 rite
1103 3122 1206 3199 meis.

364 3227 447 3307 Non
465 3232 560 3307 mihi
579 3233 740 3309 nimbosi
758 3234 962 3309 volitarent
979 3231 1102 3309 fronte
1119 3253 1298 3330 vapores,

466 3338 542 3415 Neo
560 3343 678 3418 nubes
696 3342 834 3416 nitidas
853 3340 1019 3415 vinoeret
1036 3340 1115 3416 ulla
1133 3337 1243 3413 saeos.

363 3445 492 3522 Prima
510 3447 589 3523 dies
606 3458 752 3524 nostras
770 3451 962 3541 laudaret,
979 3472 1203 3544 summaque
1221 3447 1414 3537 flammae,

467 3554 595 3653 thue
613 3566 705 3650 stet,
722 3581 918 3658 urgerem,
937 3581 1073 3632 nomen
1091 3555 1285 3649 honosque
1303 3551 1410 3627 mihi.
1493 3656 1495 3661 Ι

362 3660 519 3738 Fallor‘?
533 3690 580 3739 an
599 3664 669 3738 has
685 3675 830 3742 vexant
845 3663 950 3739 venti
968 3662 1128 3738 stridore
1147 3660 1348 3754 fenestras,

385 3783 391 3794 ’
465 3768 626 3846 Aethere
643 3772 788 3868 luxque
806 3771 904 3847 redit
922 3771 1191 3866 caeruleusque
1210 3768 1341 3842 oolor‘?

361 3875 513 3953 Phoebe
531 3879 674 3955 mirans
691 3879 812 3956 salve!
830 3902 916 3954 mea
931 3889 969 3953 te
987 3877 1060 3953 nisi
1078 3887 1169 3952 vota
1186 3876 1382 3976 petebant,
1496 3959 1499 3964 ,

466 3985 630 4062 Puloher
649 3990 757 4080 ades,
775 3987 898 4063 salve!
917 3986 971 4061 sio
982 3986 1058 4060 'tua
1075 3984 1186 4083 eulpa
1204 3991 1325 4057 vaeat.

360 4089 415 4167 Ut
432 4091 585 4170 venient
603 4094 738 4188 animi,
756 4104 882 4171 nostro
900 4119 992 4169 mox
1010 4091 1176 4167 carmine
1194 4090 1325 4165 laudes

467 4200 679 4304 Gondignas
696 4202 861 4296 meritis,
879 4201 1043 4277 candide
1053 4199 1227 4291 Phoebe,
1245 4195 1364 4275 feres..
