4084 6000
1009 580 1083 656 158

518 793 569 868 At
587 819 674 886 vos,
694 819 716 867 o
734 793 843 868 sccii!
862 805 1084 869 venerantes
1102 794 1204 896 regis
1223 803 1349 868 amata

409 901 588 994 Nomina,
606 901 736 975 devoti
755 900 901 1000 superis
917 901 980 1001 pia
999 902 1116 976 thura
1133 903 1251 978 litate.

409 1009 576 1104 Moxque
596 1009 704 1083 novis
722 1008 878 1099 animis,
898 1035 994 1105 qua,
1011 1009 1139 1083 lucida
1157 1009 1299 1100 sidera,
1318 1019 1452 1082 votum

410 1117 576 1215 Spesque
594 1127 732 1190 vocant
749 1115 912 1214 patriae,
930 1116 1048 1192 solitis
1066 1116 1250 1216 insurgite
1270 1115 1396 1190 remis

411 1223 491 1316 Sic,
509 1224 617 1298 velut
635 1224 712 1297 alta
729 1223 895 1316 Pharos,
916 1248 1047 1298 cursus
1067 1236 1176 1324 reget
1195 1223 1309 1298 obvia
1326 1223 1430 1323 regis

410 1330 563 1423 Gratia,
582 1329 820 1427 sufficiatque
838 1331 1003 1428 animos3
1023 1330 1351 1433 Spauyikque
1370 1328 1544 1428 perenni,

410 1435 493 1528 Quo
512 1437 660 1530 trahat,
678 1438 854 1537 exemplo
873 1437 1031 1513 memori
1049 1437 1102 1512 sic
1120 1449 1269 1538 pectore
1288 1438 1415 1512 stabit.

939 1661 1148 1672 ——t———O

1018 1867 1065 1940 V.

410 2086 464 2155 Ad
489 2086 638 2155 oetatem
657 2086 793 2157 loconis
811 2086 911 2172 Boot.
937 2095 1114 2152 suessan
1129 2069 1318 2173 praepositi
1336 2087 1526 2158 aetolorum
1542 2088 1682 2173 ntorum

863 2211 1089 2295 provincialis
1114 2209 1225 2278 1840.

412 2363 1529 2500 lunuavotadamus,praesesdoctissime,necte

306 2600 309 2605 st
412 2511 598 2585 Votorum
617 2508 747 2609 pigeat
765 2520 999 2584 nostrorum:
1020 2508 1167 2583 scilicet·
1179 2512 1287 2584 ardes

413 2619 495 2717 Ipse
514 2617 621 2690 novis
639 2615 782 2690 meritis
800 2624 1018 2716 assurgere,
1037 2617 1194 2712 luceque
1214 2618 1335 2692 multa

411 2724 589 2820 Undique
609 2721 894 2821 stipatus'nobis
912 2723 1055 2798 virtute
1075 2723 1229 2822 praeire.

413 2830 515 2922 Quid
532 2840 636 2903 vetat
654 2831 747 2903 haec
767 2856 833 2905 nos
853 2830 1013 2904 mirari?
1034 2829 1252 2927 meritisque
1271 2831 1459 2905 tributum

414 2940 580 3015 Pendere
599 2937 807 3037 conspicuis
825 2938 1002 3030 laudum,
1023 2938 1128 3034 queis
1148 2939 1291 3038 optima
1310 2961 1504 3034 quaequae

413 3048 572 3123 Pectora
590 3046 822 3137 mulcentur,
841 3046 1083 3145 gaudentque
1101 3070 1168 3145 per
1186 3048 1304 3123 ardua
1322 3046 1398 3119 late

414 3153 590 3231 Culmiua
607 3152 758 3227 virtutis
778 3177 960 3227 memores
979 3152 1052 3225 sibi
1070 3164 1199 3227 texere
1217 3153 1353 3227 lauros

414 3260 515 3352 Quin
535 3260 650 3333 etiam
668 3260 842 3357 exemplo
861 3261 1084 3333 succendere
1103 3262 1217 3333 corda
1235 3259 1382 3357 potenti

414 3367 594 3459 Aemula,
614 3391 752 3465 perque
772 3365 852 3440 vius
872 3362 1015 3457 famae,
1034 3367 1263 3465 palmaeque·
1273 3366 1449 3465 perennis

414 3477 579 3571 Ducere,
598 3473 651 3547 nil
670 3472 793 3573 rigido
810 3474 1012 3547 conterrita
1031 3476 1145 3547 corda
1162 3474 1313 3566 labore,

414 3582 478 3659 Nil
495 3580 638 3655 tetricis
656 3579 766 3654 curis.
785 3580 888 3654 Haec
906 3581 1030 3681 gloria
1048 3581 1209 3677 denique
1229 3606 1399 3656 summos

415 3687 560 3767 Ambiit
578 3704 658 3762 una·
672 3687 773 3761 viros
792 3712 957 3786 semper:
976 3688 1132 3763 virtutis
1151 3690 1277 3762 amore

416 3798 596 3873 Temnere
615 3797 730 3891 dura,
749 3794 836 3868 salis
853 3796 1018 3869 tumidas
1037 3796 1181 3869 calcare
1200 3794 1402 3894 procellae,

416 3906 542 3999 thue
562 3900 662 3977 faces
679 3903 808 3976 lumen
825 3902 1003 3998 liqueudo
1024 3928 1213 4003 spargere.
1242 3902 1448 3977 Grosser

416 4013 531 4102 (lare,
547 4008 620 4084 tibi
637 4011 720 4083 laus
739 4011 852 4101 haec,
870 4010 965 4084 haec
984 4010 1112 4109 surgit
1129 4008 1252 4109 gloria
1271 4009 1399 4108 digno.

416 4119 498 4193 Hoc
516 4119 607 4216 iuga
625 4118 825 4191 reflectunt
842 4117 996 4208 Tatrae,
1014 4117 1221 4212 mollesque
1240 4142 1307 4214 per
1325 4137 1467 4211 aequor

416 4223 635 4325 Huugariae
654 4224 828 4323 patulum
845 4223 1047 4298 volitantes
1066 4222 1201 4297 leniter
1219 4248 1332 4297 aurae
1395 4286 1399 4295 .

417 4332 499 4407 Hoc
517 4342 711 4430 repetunt:
729 4330 816 4405 talis
834 4340 921 4422 tua,
939 4355 1162 4429 praeses,
1182 4329 1283 4403 fama
1302 4328 1519 4423 frequentat

408 4441 505 4515 Alta
522 4465 589 4539 per
607 4465 673 4513 ora
690 4438 837 4530 virum,
856 4429 1106 4536 properatque
1127 4437 1339 4533 relinquere
1357 4435 1451 4511 fines

416 4546 652 4638 Pannoniae,
669 4556 707 4620 et
724 4570 860 4619 nomen
879 4543 1096 4645 peregrinas
1115 4547 1245 4620 edocet
1263 4549 1370 4619 oras(

417 4654 546 4730 Talem
565 4664 602 4729 te
621 4677 793 4754 praesens
811 4664 1013 4726 veneratur
1031 4653 1133 4725 clara
1152 4653 1321 4727 virorum

417 4761 565 4854 Turba,
582 4761 791 4855 cohorsque
809 4757 930 4833 nitens
948 4758 1150 4851 iuvenum,
1169 4771 1205 4834 et
1224 4770 1325 4835 totus
1344 4757 1429 4855 pius
1447 4759 1553 4831 ordo.
1639 4810 1641 4817 ν

524 4869 624 4944 Ordo
642 4868 726 4967 pius
745 4870 839 4941 duce
857 4877 895 4941 te
914 4867 1081 4941 saturnia
1099 4866 1228 4959 vivere
1248 4867 1368 4941 lustra

417 4976 618 5067 DelibanS,
638 4976 772 5066 semel,
792 4972 905 5071 atquc
925 4974 1063 5049 iterum
1083 4974 1329 5049 concordibus
1349 4972 1464 5046 instat
