4084 6000
1008 623 1083 699 ala

418 835 628 914 Posthuma
644 847 748 911 trans
767 833 851 910 aevi
869 846 988 911 metas
1007 848 1045 910 et
1062 836 1220 912 flumina
1237 835 1384 913 Lethes.

417 943 575 1020 Nestora
594 943 804 1037 consilium,
822 947 938 1019 robur
955 945 1129 1022 Chironis
1146 945 1362 1040 alumnum,
1487 1002 1493 1013 .

418 1053 686 1148 Victoremque
706 1052 849 1154 stygis3
867 1051 1070 1151 prudentia
1088 1077 1174 1126 rara
1191 1053 1392 1152 Catonem3

418 1161 613 1237 Pellaeum
632 1158 785 1234 fortuna
803 1160 937 1235 ducem
948 1185 1089 1258 ,super
1106 1161 1261 1235 aethera
1279 1159 1403 1236 famae

418 1267 625 1343 Subvectos
644 1265 834 1361 humeris,
853 1267 1090 1343 radiantibus
1109 1267 1238 1343 intulit
1256 1269 1378 1344 astris.

417 1374 519 1465 Quin
537 1386 575 1450 et
593 1375 677 1476 agri
696 1375 818 1450 cultor
836 1372 909 1450 fert
928 1375 1016 1450 hinc
1036 1378 1086 1450 ad
1103 1386 1228 1450 arat-ra
1247 1376 1445 1470 iuvencos,

416 1483 523 1558 Colla
540 1483 633 1584 iugo
653 1483 828 1576 subdens,
847 1493 885 1557 et
902 1482 1014 1557 sulcis
1033 1508 1126 1557 arva
1144 1482 1323 1582 supinans

415 1590 541 1664 Mollit
559 1615 682 1691 agros,
701 1588 942 1687 fructumque
961 1591 1055 1685 ciet,
1073 1593 1208 1666 sudore
1227 1589 1393 1689 profuso.

415 1697 464 1773 Et
482 1697 548 1793 qui
566 1697 769 1797 multiplici
786 1698 973 1799 religatur
990 1724 1145 1774 munere
1163 1699 1297 1797 patris,

416 1802 531 1896 Qusis
550 1805 681 1906 agitur
700 1804 819 1879 curisl
839 1830 933 1901 quos
950 1807 1110 1881 sustinet
1127 1805 1191 1880 ille
1209 1806 1374 1880 labores!

416 1912 466 1987 At
485 1936 579 2009 quos
598 1913 680 1986 dira
698 1910 816 1986 fames
835 1914 931 2007 auri,
949 1914 1120 2010 lucrique
1139 1913 1276 2014 cupido

418 2019 598 2120 Occupat,
616 2019 721 2094 haud
737 2019 832 2095 fines
852 2021 966 2120 operi,
984 2023 1048 2095 vel
1065 2032 1236 2120 tempora
1253 2032 1408 2121 ponunt.

419 2127 540 2204 Saeva
557 2127 755 2227 procellosi
773 2154 848 2203 non
866 2128 935 2203 hos
952 2129 1092 2203 iniuria
1109 2129 1233 2228 ponti,

415 2235 499 2311 Non
516 2235 648 2311 brevia
667 2245 705 2310 et
723 2247 846 2339 syrtes
867 2261 1018 2330 caecae,
1037 2237 1254 2336 scopulique
1272 2237 1433 2310 latentes

416 2343 475 2419 Ire
492 2343 575 2418 vias
593 2343 797 2443 prohibent
814 2345 1001 2436 monstris,
1018 2346 1222 2444 plenasque
1240 2344 1399 2444 periclis.

521 2452 653 2547 Tuque
671 2450 802 2552 igitur,
819 2452 1033 2549 cunctique,
1052 2453 1190 2549 quibus
1208 2453 1405 2551 primaeva
1422 2452 1598 2553 inventus

415 2560 545 2636 Floret
564 2560 689 2633 adhuc
708 2559 899 2656 tenerique
918 2561 1017 2653 dies,
1036 2561 1292 2659 pulchraeque
1311 2585 1466 2660 capaces

351 2710 353 2714 ·
417 2667 580 2743 Virtutis
600 2677 762 2767 surgunt
781 2667 909 2762 animi,
927 2671 1105 2742 mandate
1122 2668 1244 2743 labori

399 2776 562 2851 ⁸Aetatis
580 2775 725 2876 primae
743 2774 920 2874 spatium,
937 2777 1117 2875 turpique
1134 2777 1313 2874 voluptas

415 2883 504 2960 Otia
523 2882 746 2960 subtrahite.
757 2883 920 2984 Ignavos
939 2894 1042 2958 amat
1058 2885 1126 2957 illa
1144 2883 1314 2976 clientes,

416 2991 590 3068 Sollertes
610 2989 763 3093 refugit.
784 2991 1002 3091 Corrumpit
1018 2991 1156 3067 inertia
1173 3002 1358 3086 mentem,

413 3100 464 3176 Et
483 3100 620 3175 sensim
639 3100 758 3174 sterili
775 3096 959 3175 vitiorum
977 3102 1133 3174 damnat
1151 3124 1296 3175 arenae.

416 3207 500 3283 Non
519 3233 625 3283 secus
644 3233 687 3281 ac
705 3207 815 3309 pigro
834 3208 947 3282 tellus
965 3209 1137 3309 neglecta
1155 3204 1287 3283 colono

413 3313 490 3389 Nec
508 3326 657 3390 versata
674 3340 803 3407 manu,
820 3316 1008 3411 nullisque
1028 3316 1197 3390 exercita
1214 3314 1344 3389 rastris

415 3422 565 3523 Torpet‚
584 3432 623 3497 et
641 3422 796 3496 incultis
815 3421 1013 3497 sterilescit
1032 3423 1215 3523 languida
1232 3422 1367 3523 glebis,

413 3530 491 3607 Aut
508 3529 659 3606 tribulis
677 3529 817 3623 horret,
835 3530 1046 3626 silvamque
1065 3531 1232 3605 minatur
1248 3530 1410 3604 inanem.

415 3637 599 3713 Insidiosa
618 3638 745 3733 quies,
761 3662 964 3733 rerumque
981 3638 1136 3712 inimica
1153 3641 1340 3714 bonarum

413 3745 480 3821 Est
499 3745 708 3842 mentisque
726 3743 857 3847 petigo
875 3747 1027 3845 probae.
1046 3743 1273 3843 Quicunque
1291 3755 1445 3819 veterno

414 3854 595 3953 Corporis,
615 3856 815 3930 obscuram
833 3853 940 3928 vives
959 3855 1038 3929 sine
1057 3853 1208 3927 nomine
1226 3853 1367 3950 vitam3

414 3963 492 4036 Aut
509 3961 580 4036 tibi
598 3960 794 4060 pauperies
811 3960 954 4035 victrix
972 3960 1238 4036 dominabitur.
1258 3963 1404 4036 Aurum

413 4068 496 4145 Non
515 4080 617 4143 amat
633 4069 805 4169 ignavos.
817 4068 958 4143 ¹Virtus
978 4080 1092 4165 atque
1111 4070 1188 4143 otia
1205 4072 1400 4164 nunquam

414 4177 670 4252 Conveniunt:
690 4174 794 4249 duris
813 4179 955 4277 gaudet
972 4176 1132 4250 victoria
1149 4175 1300 4277 pugnis.

413 4282 489 4375 Qui
507 4284 604 4360 male
623 4281 785 4358 feminea
804 4286 875 4358 sub
894 4284 1051 4385 cyclade
1070 4284 1193 4358 mollis
1211 4281 1375 4359 Achilles

413 4392 585 4484 Delituit,
603 4392 782 4494 clypeum
802 4392 935 4466 sumsit
953 4416 1157 4493 generosus
1176 4401 1212 4465 et
1230 4390 1397 4486 hastam;

413 4503 592 4576 Armatus
610 4499 766 4599 placuit,
784 4499 974 4600 dignaque
992 4498 1033 4572 in
1050 4500 1162 4573 laude
1180 4496 1339 4573 refulsit.

414 4608 543 4684 Gloria
561 4606 706 4681 fastidit
725 4631 870 4707 segnes.
890 4608 1014 4682 Labor
1033 4606 1225 4706 improbus
1244 4605 1355 4680 astris

412 4715 565 4790 Extulit
583 4714 727 4789 heroas.
747 4715 845 4807 Huc,
864 4714 939 4788 huc
957 4714 1164 4814 properetis
1184 4722 1340 4812 oportet.
