4084 6000
917 635 1002 741 '153

333 877 383 953 Et
400 881 543 978 pudor,
560 889 599 953 et
616 877 729 956 niveo
747 881 902 956 laudata
919 877 1105 956 modestia
1123 877 1245 952 vultu.

333 983 436 1076 Quin
454 996 491 1060 et
509 1011 616 1061 amor
633 989 750 1063 musis
769 983 919 1088 penitus
937 986 1158 1076 devinctus,
1176 994 1214 1058 et
1232 982 1290 1058 illi

333 1091 544 1168 Adiunctus
563 1094 692 1188 labor,
709 1106 748 1170 et
765 1106 939 1170 constans
957 1093 1161 1168 industria:
1181 1091 1300 1165 svada

206 1196 209 1200 ’
331 1198 482 1274 Eminet
501 1199 611 1293 hinc,
628 1203 694 1276 sed
712 1202 813 1277 enim
831 1202 937 1304 cupit
955 1201 1094 1276 isthinc
1113 1199 1194 1273 iure
1212 1196 1392 1272 mathesis

332 1306 462 1382 Prima
478 1319 608 1412 tenere
625 1309 761 1384 locum.
790 1310 985 1385 Maturum
1004 1333 1078 1383 non
1096 1306 1221 1381 minus
1240 1303 1364 1380 adfert

331 1412 491 1488 Munera
508 1413 728 1508 consilium,
747 1442 816 1492 sua
834 1419 900 1491 dat
918 1415 1113 1515 praeclara
1130 1412 1288 1512 regendi

331 1521 568 1614 Dexte1itas,
586 1524 830 1619 cumulatque
848 1548 959 1598 suum
981 1521 1166 1620 sapientia
1182 1543 1340 1593 numen:

333 1627 417 1723 „Me
436 1629 530 1704 duce
549 1652 658 1728 carpe
676 1631 803 1722 viam,
821 1631 969 1723 dicens,
987 1653 1058 1703 nec
1075 1627 1208 1702 devius
1227 1626 1311 1719 ibis,

333 1733 384 1810 Et
399 1745 485 1809 tuta
503 1735 653 1834 rapidas
670 1737 811 1812 vitabis
830 1737 941 1812 lintre
960 1735 1205 1837 Charybdes,

336 1840 539 1938 Nunquam
557 1842 687 1945 Scylla
704 1842 815 1918 ferox
832 1844 1009 1937 terrebit,
1027 1842 1155 1918 lueida
1171 1865 1369 1936 nunquam

335 1948 467 2024 Sidera
483 1950 689 2025 destituent
707 1975 880 2026 cursum:
901 1976 967 2026 seu
985 1947 1152 2026 Palladis
1170 1952 1271 2028 artes

334 2055 496 2131 Assiduo
513 2067 652 2132 tractes
670 2058 816 2150 studio,
834 2084 901 2132 seu
919 2082 1012 2133 voce
1031 2067 1183 2156 potente

333 2162 528 2238 Mentibus
545 2164 705 2240 instilles
722 2166 882 2262 teneris,
901 2177 969 2240 aut
986 2189 1141 2240 munere
1161 2163 1308 2239 Phoebi

333 2271 521 2364 Functus,
539 2296 632 2372 agas
649 2273 787 2372 gnavis
804 2273 1056 2368 comitemque
1074 2275 1284 2366 ducemque
1303 2267 1533 2371 magistris.“

441 2377 593 2453 Talibus
612 2377 799 2454 illustrem
818 2405 939 2475 quum
957 2379 1076 2453 cernit
1095 2378 1250 2453 dotibus
1269 2378 1368 2476 ipse,

336 2481 413 2575 Qui
429 2485 578 2583 placido
595 2486 710 2561 talem
729 2488 875 2587 gremio
894 2489 1088 2587 gaudebat
1106 2484 1270 2576 habere,
1314 2547 1316 2550 ,

337 2591 439 2667 Ordo
457 2592 543 2690 pius
560 2592 725 2669 socium:
745 2592 870 2689 „Quin
889 2594 1043 2668 clavum
1062 2592 1239 2691 corripis,
1257 2591 1401 2688 inquit,
1506 2634 1508 2642 ι

337 2697 494 2799 Navigii
512 2701 651 2792 nostri,
669 2702 766 2775 duce
783 2711 820 2775 te
838 2700 1065 2776 rimabimur
1078 2712 1202 2788 astra,

335 2805 384 2880 Et
401 2806 558 2880 blandas
577 2807 842 2908 Zephyrorum
861 2808 1029 2898 animas,
1045 2818 1084 2881 et
1101 2808 1300 2880 commoda
1319 2829 1451 2880 cursus

337 2913 541 3013 Tempora;
559 2939 700 3013 perque
719 2915 797 3015 spei
816 2915 1020 2987 transvecti
1041 2939 1135 2987 saxa
1155 2912 1372 3010 fretumque

336 3022 418 3096 Iam
438 3018 647 3097 fortunatas
665 3024 756 3097 laeti
773 3025 1018 3097 advertemur
1036 3024 1085 3095 ad
1104 3028 1222 3095 oras“

338 3129 520 3204 Dixerat:
540 3141 583 3202 ut
601 3129 771 3231 Tiphym
788 3140 826 3204 te
845 3129 982 3229 puppis
1001 3128 1144 3203 eredita
1162 3128 1261 3202 vidit

340 3237 511 3311 Pandere
522 3237 615 3310 vela
632 3248 782 3329 catum,
801 3248 1007 3331 ventosque
1027 3261 1162 3310 vocare
1181 3234 1372 3327 faventes,

336 3342 386 3416 Et
403 3346 540 3417 fluetus
559 3344 723 3442 positos,
742 3344 911 3439 coelique
929 3343 1051 3417 redire
1071 3368 1241 3418 serenum
1256 3374 1265 3438 3

338 3450 487 3526 Gaudia
504 3450 606 3523 iusta
624 3448 776 3544 fovens,
794 3452 909 3550 longo
927 3450 1042 3524 simul
1061 3452 1191 3525 ordine
1210 3451 1320 3524 sortis
1370 3500 1373 3505 -

326 3556 544 3631 :Commoda
561 3568 765 3649 venturae,
784 3569 823 3632 et
840 3556 964 3633 famae
983 3559 1120 3633 decora
1138 3559 1215 3631 alta
1232 3580 1446 3631 recensens:
1480 3604 1483 3612 ·
1507 3618 1508 3630 ,

339 3662 456 3757 „Ecce
475 3689 597 3755 meOS,
615 3664 737 3757 dixit,
756 3675 864 3739 natos
883 3668 954 3738 sub
972 3664 1143 3763 praeside
1162 3689 1248 3739 caro

337 3770 510 3862 Quantus
530 3770 645 3846 habet
663 3771 781 3846 studii
799 3770 946 3845 fervorl
966 3796 1064 3867 quae
1083 3771 1207 3871 gloria
1225 3770 1373 3845 vectat!

338 3880 439 3954 Pene
457 3889 573 3978 negat
590 3889 738 3953 teneras
758 3880 888 3955 laurus
906 3889 963 3951 tot
979 3878 1140 3978 gignere
1158 3876 1331 3969 frondeS,
1352 3900 1355 3907 ’

336 3986 485 4059 Horum
504 3988 550 4061 de
568 4011 726 4061 numero
745 3997 841 4082 quot.
856 3996 1028 4085 tempora
1045 3987 1157 4059 docta
1175 3996 1388 4083 reposcunt.

338 4091 539 4192 Cecropiae
556 4093 677 4167 veluti
694 4093 867 4168 volucres
885 4117 953 4191 per
970 4094 1087 4165 florea
1104 4117 1195 4166 rura

336 4199 437 4274 Vere
455 4224 555 4274 novo
572 4201 647 4275 late
665 4201 848 4292 volitant,
867 4209 1096 4295 croceosque
1109 4200 1276 4295 liquores

339 4305 477 4381 Sedula
495 4309 608 4382 turba
625 4309 781 4408 legunt,
799 4306 1017 4405 stipantque
1035 4305 1250 4407 fragrantia
1268 4304 1372 4379 cellis

338 4414 471 4488 Mella:
491 4412 585 4487 meis
602 4414 744 4513 pariter
762 4414 908 4489 cunctis
926 4439 1027 4488 nunc
1046 4414 1197 4488 sedibus
1216 4414 1338 4487 almae
1478 4498 1480 4501 ,

337 4520 476 4595 Fervet
493 4544 588 4619 opus
605 4521 797 4621 (princeps
815 4520 912 4594 mihi
929 4546 1078 4619 semper
1095 4528 1206 4609 cura)
1225 4520 1428 4595 Minervae.

340 4629 435 4703 Pars
453 4627 566 4701 sacris
585 4638 701 4703 semet
719 4627 856 4703 studiis
874 4628 1049 4719 devovit,
1068 4638 1106 4702 et
1125 4630 1233 4703 ardet

338 4734 585 4833 Praepetibus
603 4733 694 4811 ferri
711 4734 844 4835 pennis
862 4734 989 4809 vicina
1006 4760 1075 4833 per
1093 4746 1204 4809 astra.

339 4842 433 4917 Pars
450 4843 578 4917 studet
594 4842 801 4917 immensae
819 4842 1022 4916 scrutarier
1040 4842 1171 4917 abdita
1188 4840 1270 4915 fixo

338 4946 498 5023 Lumine
516 4959 694 5039 naturae,
712 4973 919 5045 causasque
937 4948 1068 5023 videre
1087 4950 1256 5023 latentes.
1339 4953 1343 4959 '

338 5056 481 5129 Texere
498 5056 692 5156 praeteriti
708 5056 818 5133 labor
835 5066 892 5130 est
910 5056 989 5149 his,
1008 5067 1122 5152 atque
1141 5054 1303 5131 recentis
