<?xml version="1.0" encoding="UTF-8"?>
<!DOCTYPE html PUBLIC "-//W3C//DTD XHTML 1.0 Transitional//EN"
    "http://www.w3.org/TR/xhtml1/DTD/xhtml1-transitional.dtd">
<html xmlns="http://www.w3.org/1999/xhtml" xml:lang="en" lang="en">
 <head>
  <title>
</title>
<meta http-equiv="Content-Type" content="text/html;charset=utf-8" />
  <meta name='ocr-system' content='tesseract 3.04.00' />
  <meta name='ocr-capabilities' content='ocr_page ocr_carea ocr_par ocr_line ocrx_word'/>
</head>
<body>
  <div class='ocr_page' id='page_1' title='image "./poematumlibrise00jallgoog_0293.png"; bbox 0 0 4084 6000; ppageno 0'>
   <div class='ocr_carea' id='block_1_1' title="bbox 1056 655 1132 732">
    <p class='ocr_par' dir='ltr' id='par_1_1' title="bbox 1056 655 1132 732">
     <span class='ocr_line' id='line_1_1' title="bbox 1056 655 1132 732; baseline 0.013 -2"><span class='ocrx_word' id='word_1_1' title='bbox 1056 655 1132 732; x_wconf 79' lang='lat'>259</span> 
     </span>
    </p>
   </div>
   <div class='ocr_carea' id='block_1_2' title="bbox 659 869 1514 2558">
    <p class='ocr_par' dir='ltr' id='par_1_2' title="bbox 659 869 1514 2558">
     <span class='ocr_line' id='line_1_2' title="bbox 665 869 1320 972; baseline -0.002 -25"><span class='ocrx_word' id='word_1_2' title='bbox 665 871 766 972; x_wconf 86' lang='lat' dir='ltr'>Ergo</span> <span class='ocrx_word' id='word_1_3' title='bbox 785 881 981 972; x_wconf 74' lang='lat' dir='ltr'>surgentes</span> <span class='ocrx_word' id='word_1_4' title='bbox 1000 869 1117 946; x_wconf 89' lang='lat' dir='ltr'>animi</span> <span class='ocrx_word' id='word_1_5' title='bbox 1134 871 1320 948; x_wconf 88' lang='lat' dir='ltr'>tumultus</span> 
     </span>
     <span class='ocr_line' id='line_1_3' title="bbox 666 979 1300 1078; baseline -0.002 -23"><span class='ocrx_word' id='word_1_6' title='bbox 666 979 843 1055; x_wconf 82' lang='lat' dir='ltr'><strong>Protinus</strong></span> <span class='ocrx_word' id='word_1_7' title='bbox 861 979 967 1055; x_wconf 89' lang='lat' dir='ltr'>duris</span> <span class='ocrx_word' id='word_1_8' title='bbox 986 979 1122 1054; x_wconf 86' lang='lat' dir='ltr'>cohibe</span> <span class='ocrx_word' id='word_1_9' title='bbox 1139 979 1300 1078; x_wconf 82' lang='lat' dir='ltr'>lupatis3</span> 
     </span>
     <span class='ocr_line' id='line_1_4' title="bbox 665 1085 1422 1186; baseline 0.001 -25"><span class='ocrx_word' id='word_1_10' title='bbox 665 1085 775 1178; x_wconf 76' lang='lat' dir='ltr'>Quod</span> <span class='ocrx_word' id='word_1_11' title='bbox 792 1096 898 1164; x_wconf 85' lang='lat' dir='ltr'>vetat</span> <span class='ocrx_word' id='word_1_12' title='bbox 915 1087 999 1179; x_wconf 85' lang='lat' dir='ltr'>lex,</span> <span class='ocrx_word' id='word_1_13' title='bbox 1018 1089 1121 1182; x_wconf 92' lang='lat' dir='ltr'>quod</span> <span class='ocrx_word' id='word_1_14' title='bbox 1139 1087 1235 1162; x_wconf 90' lang='lat' dir='ltr'>ratio</span> <span class='ocrx_word' id='word_1_15' title='bbox 1253 1087 1422 1186; x_wconf 79' lang='lat' dir='ltr'>repellit,</span> 
     </span>
     <span class='ocr_line' id='line_1_5' title="bbox 1086 1193 1359 1269; baseline 0.004 -1"><span class='ocrx_word' id='word_1_16' title='bbox 1086 1193 1198 1268; x_wconf 85' lang='lat' dir='ltr'>Disce</span> <span class='ocrx_word' id='word_1_17' title='bbox 1216 1218 1359 1269; x_wconf 87' lang='lat' dir='ltr'>cavere.</span> 
     </span>
     <span class='ocr_line' id='line_1_6' title="bbox 663 1301 1378 1394; baseline 0.001 -19"><span class='ocrx_word' id='word_1_18' title='bbox 663 1301 793 1393; x_wconf 82' lang='lat' dir='ltr'>Disce,</span> <span class='ocrx_word' id='word_1_19' title='bbox 812 1310 1008 1376; x_wconf 89' lang='lat' dir='ltr'>contentus</span> <span class='ocrx_word' id='word_1_20' title='bbox 1026 1301 1195 1394; x_wconf 88' lang='lat' dir='ltr'>modico,</span> <span class='ocrx_word' id='word_1_21' title='bbox 1214 1303 1378 1378; x_wconf 87' lang='lat' dir='ltr'>tumenti</span> 
     </span>
     <span class='ocr_line' id='line_1_7' title="bbox 662 1409 1289 1509; baseline 0.002 -26"><span class='ocrx_word' id='word_1_22' title='bbox 662 1409 817 1483; x_wconf 77' lang='lat' dir='ltr'>Limites</span> <span class='ocrx_word' id='word_1_23' title='bbox 835 1420 925 1484; x_wconf 86' lang='lat' dir='ltr'>voto</span> <span class='ocrx_word' id='word_1_24' title='bbox 944 1409 1086 1484; x_wconf 90' lang='lat' dir='ltr'>sociare</span> <span class='ocrx_word' id='word_1_25' title='bbox 1105 1411 1289 1509; x_wconf 87' lang='lat' dir='ltr'>prudens,</span> 
     </span>
     <span class='ocr_line' id='line_1_8' title="bbox 665 1516 1332 1617; baseline -0.004 -25"><span class='ocrx_word' id='word_1_26' title='bbox 665 1519 787 1617; x_wconf 82' lang='lat' dir='ltr'>Argus</span> <span class='ocrx_word' id='word_1_27' title='bbox 806 1517 844 1590; x_wconf 93' lang='lat' dir='ltr'>in</span> <span class='ocrx_word' id='word_1_28' title='bbox 863 1541 985 1592; x_wconf 87' lang='lat' dir='ltr'>mores</span> <span class='ocrx_word' id='word_1_29' title='bbox 1002 1517 1193 1616; x_wconf 89' lang='lat' dir='ltr'>proprios,</span> <span class='ocrx_word' id='word_1_30' title='bbox 1212 1516 1332 1592; x_wconf 89' lang='lat' dir='ltr'>sereni</span> 
     </span>
     <span class='ocr_line' id='line_1_9' title="bbox 1087 1623 1514 1702; baseline -0.005 -2"><span class='ocrx_word' id='word_1_31' title='bbox 1087 1623 1218 1700; x_wconf 81' lang='lat' dir='ltr'>Cultor</span> <span class='ocrx_word' id='word_1_32' title='bbox 1235 1624 1392 1702; x_wconf 82' lang='lat' dir='ltr'>honesti.</span> <span class='ocrx_word' id='word_1_33' title='bbox 1509 1679 1514 1690; x_wconf 82' lang='lat'><strong>.</strong></span> 
     </span>
     <span class='ocr_line' id='line_1_10' title="bbox 663 1731 1342 1830; baseline -0.001 -22"><span class='ocrx_word' id='word_1_34' title='bbox 663 1731 812 1808; x_wconf 80' lang='lat' dir='ltr'>Gloriae</span> <span class='ocrx_word' id='word_1_35' title='bbox 831 1731 1006 1827; x_wconf 87' lang='lat' dir='ltr'>quamvis</span> <span class='ocrx_word' id='word_1_36' title='bbox 1026 1731 1162 1806; x_wconf 86' lang='lat' dir='ltr'>volites</span> <span class='ocrx_word' id='word_1_37' title='bbox 1181 1736 1342 1830; x_wconf 88' lang='lat' dir='ltr'>superbo</span> 
     </span>
     <span class='ocr_line' id='line_1_11' title="bbox 662 1839 1333 1936; baseline 0.001 -23"><span class='ocrx_word' id='word_1_38' title='bbox 662 1839 821 1931; x_wconf 84' lang='lat' dir='ltr'>Essedo,</span> <span class='ocrx_word' id='word_1_39' title='bbox 839 1841 969 1914; x_wconf 87' lang='lat' dir='ltr'>vultus</span> <span class='ocrx_word' id='word_1_40' title='bbox 989 1839 1109 1913; x_wconf 87' lang='lat' dir='ltr'>retine</span> <span class='ocrx_word' id='word_1_41' title='bbox 1126 1841 1333 1936; x_wconf 79' lang='lat' dir='ltr'>modestos3</span> 
     </span>
     <span class='ocr_line' id='line_1_12' title="bbox 662 1945 1436 2045; baseline 0.001 -23"><span class='ocrx_word' id='word_1_42' title='bbox 662 1947 788 2022; x_wconf 82' lang='lat' dir='ltr'>Laude</span> <span class='ocrx_word' id='word_1_43' title='bbox 808 1946 1064 2045; x_wconf 75' lang='lat' dir='ltr'>praecinetur,</span> <span class='ocrx_word' id='word_1_44' title='bbox 1083 1971 1195 2038; x_wconf 88' lang='lat' dir='ltr'>cave,</span> <span class='ocrx_word' id='word_1_45' title='bbox 1215 1945 1265 2020; x_wconf 85' lang='lat' dir='ltr'>sis</span> <span class='ocrx_word' id='word_1_46' title='bbox 1282 1957 1436 2023; x_wconf 88' lang='lat' dir='ltr'>tuorum</span> 
     </span>
     <span class='ocr_line' id='line_1_13' title="bbox 672 2053 1426 2130; baseline 0.001 -2"><span class='ocrx_word' id='word_1_47' title='bbox 672 2053 674 2056; x_wconf 43' lang='lat'><strong>⁴</strong></span> <span class='ocrx_word' id='word_1_48' title='bbox 1082 2055 1222 2128; x_wconf 87' lang='lat' dir='ltr'>Praeco</span> <span class='ocrx_word' id='word_1_49' title='bbox 1240 2055 1426 2130; x_wconf 86' lang='lat' dir='ltr'>laborum.</span> 
     </span>
     <span class='ocr_line' id='line_1_14' title="bbox 662 2160 1223 2258; baseline 0 -20"><span class='ocrx_word' id='word_1_50' title='bbox 662 2162 718 2238; x_wconf 89' lang='lat' dir='ltr'>Sit</span> <span class='ocrx_word' id='word_1_51' title='bbox 735 2161 806 2238; x_wconf 91' lang='lat' dir='ltr'>tibi</span> <span class='ocrx_word' id='word_1_52' title='bbox 825 2187 937 2236; x_wconf 88' lang='lat' dir='ltr'>curae</span> <span class='ocrx_word' id='word_1_53' title='bbox 955 2160 1058 2236; x_wconf 83' lang='lat' dir='ltr'>vitiis</span> <span class='ocrx_word' id='word_1_54' title='bbox 1078 2185 1223 2258; x_wconf 76' lang='lat' dir='ltr'>carere,</span> 
     </span>
     <span class='ocr_line' id='line_1_15' title="bbox 662 2268 1340 2368; baseline -0.001 -23"><span class='ocrx_word' id='word_1_55' title='bbox 662 2270 718 2345; x_wconf 90' lang='lat' dir='ltr'>Sit</span> <span class='ocrx_word' id='word_1_56' title='bbox 736 2293 860 2345; x_wconf 88' lang='lat' dir='ltr'>comes</span> <span class='ocrx_word' id='word_1_57' title='bbox 878 2270 980 2344; x_wconf 88' lang='lat' dir='ltr'>vitae</span> <span class='ocrx_word' id='word_1_58' title='bbox 999 2294 1181 2368; x_wconf 87' lang='lat' dir='ltr'>generosa</span> <span class='ocrx_word' id='word_1_59' title='bbox 1199 2268 1340 2344; x_wconf 84' lang='lat' dir='ltr'>virtus:</span> 
     </span>
     <span class='ocr_line' id='line_1_16' title="bbox 659 2377 1329 2470; baseline -0.003 -18"><span class='ocrx_word' id='word_1_60' title='bbox 659 2378 729 2452; x_wconf 90' lang='lat' dir='ltr'>Illa</span> <span class='ocrx_word' id='word_1_61' title='bbox 749 2377 915 2470; x_wconf 83' lang='lat' dir='ltr'>felicem,</span> <span class='ocrx_word' id='word_1_62' title='bbox 934 2377 1030 2450; x_wconf 85' lang='lat' dir='ltr'>milri</span> <span class='ocrx_word' id='word_1_63' title='bbox 1049 2379 1179 2468; x_wconf 89' lang='lat' dir='ltr'>crede,</span> <span class='ocrx_word' id='word_1_64' title='bbox 1198 2377 1329 2450; x_wconf 83' lang='lat' dir='ltr'>reddet</span> 
     </span>
     <span class='ocr_line' id='line_1_17' title="bbox 1082 2484 1335 2558; baseline 0 0"><span class='ocrx_word' id='word_1_65' title='bbox 1082 2484 1153 2558; x_wconf 91' lang='lat' dir='ltr'>llla</span> <span class='ocrx_word' id='word_1_66' title='bbox 1171 2486 1335 2558; x_wconf 89' lang='lat' dir='ltr'>beatum.</span> 
     </span>
    </p>
   </div>
   <div class='ocr_carea' id='block_1_3' title="bbox 953 2776 1218 2792">
    <p class='ocr_par' dir='ltr' id='par_1_3' title="bbox 953 2776 1218 2792">
     <span class='ocr_line' id='line_1_18' title="bbox 953 2776 1218 2792; baseline 0 -4"><span class='ocrx_word' id='word_1_67' title='bbox 953 2776 1218 2792; x_wconf 52' lang='lat' dir='ltr'>m-</span> 
     </span>
    </p>
   </div>
   <div class='ocr_carea' id='block_1_4' title="bbox 833 3162 1287 3250">
    <p class='ocr_par' dir='ltr' id='par_1_4' title="bbox 833 3162 1287 3250">
     <span class='ocr_line' id='line_1_19' title="bbox 833 3162 1287 3250; baseline 0.009 -4"><span class='ocrx_word' id='word_1_68' title='bbox 833 3208 834 3213; x_wconf 35' lang='lat'><em>*</em></span> <span class='ocrx_word' id='word_1_69' title='bbox 878 3162 990 3249; x_wconf 72' lang='lat' dir='ltr'>(Ide</span> <span class='ocrx_word' id='word_1_70' title='bbox 1020 3163 1287 3250; x_wconf 80' lang='lat' dir='ltr'><strong>XXXIII.</strong></span> 
     </span>
    </p>
   </div>
   <div class='ocr_carea' id='block_1_5' title="bbox 550 3396 1609 3493">
    <p class='ocr_par' dir='ltr' id='par_1_5' title="bbox 550 3396 1609 3493">
     <span class='ocr_line' id='line_1_20' title="bbox 550 3396 1609 3493; baseline 0 -15"><span class='ocrx_word' id='word_1_71' title='bbox 550 3407 603 3478; x_wconf 79' lang='lat' dir='ltr'>Ac</span> <span class='ocrx_word' id='word_1_72' title='bbox 626 3396 826 3474; x_wconf 82' lang='lat' dir='ltr'>Emcrtcum·</span> <span class='ocrx_word' id='word_1_73' title='bbox 841 3412 1000 3470; x_wconf 74' lang='lat' dir='ltr'>szursffl</span> <span class='ocrx_word' id='word_1_74' title='bbox 1032 3403 1059 3473; x_wconf 62' lang='lat' dir='ltr'>cx</span> <span class='ocrx_word' id='word_1_75' title='bbox 1078 3404 1204 3475; x_wconf 79' lang='lat' dir='ltr'>colotis</span> <span class='ocrx_word' id='word_1_76' title='bbox 1226 3405 1305 3493; x_wconf 78' lang='lat' dir='ltr'>ptis.</span> <span class='ocrx_word' id='word_1_77' title='bbox 1325 3403 1448 3477; x_wconf 69' lang='lat' dir='ltr'>oratu</span> <span class='ocrx_word' id='word_1_78' title='bbox 1466 3409 1609 3478; x_wconf 78' lang='lat' dir='ltr'>coimus.</span> 
     </span>
    </p>
   </div>
   <div class='ocr_carea' id='block_1_6' title="bbox 551 3632 1628 5066">
    <p class='ocr_par' dir='ltr' id='par_1_6' title="bbox 555 3632 1478 3875">
     <span class='ocr_line' id='line_1_21' title="bbox 555 3632 1478 3770; baseline 0.003 -26"><span class='ocrx_word' id='word_1_79' title='bbox 555 3632 761 3770; x_wconf 70' lang='lat' dir='ltr'>Attigimus</span> <span class='ocrx_word' id='word_1_80' title='bbox 780 3678 955 3768; x_wconf 88' lang='lat' dir='ltr'>portum,</span> <span class='ocrx_word' id='word_1_81' title='bbox 974 3669 1168 3744; x_wconf 90' lang='lat' dir='ltr'>variorum</span> <span class='ocrx_word' id='word_1_82' title='bbox 1186 3672 1283 3745; x_wconf 91' lang='lat' dir='ltr'>mole</span> <span class='ocrx_word' id='word_1_83' title='bbox 1303 3672 1478 3747; x_wconf 92' lang='lat' dir='ltr'>laborum</span> 
     </span>
     <span class='ocr_line' id='line_1_22' title="bbox 764 3777 1276 3875; baseline 0.006 -26"><span class='ocrx_word' id='word_1_84' title='bbox 764 3777 865 3850; x_wconf 88' lang='lat' dir='ltr'>Inter</span> <span class='ocrx_word' id='word_1_85' title='bbox 883 3778 1107 3875; x_wconf 90' lang='lat' dir='ltr'>procellosos</span> <span class='ocrx_word' id='word_1_86' title='bbox 1126 3777 1276 3853; x_wconf 88' lang='lat' dir='ltr'>scholae</span> 
     </span>
    </p>

    <p class='ocr_par' dir='ltr' id='par_1_7' title="bbox 551 3884 1445 4091">
     <span class='ocr_line' id='line_1_23' title="bbox 551 3884 1445 3979; baseline 0 -19"><span class='ocrx_word' id='word_1_87' title='bbox 551 3885 709 3960; x_wconf 87' lang='lat' dir='ltr'>Fluctus</span> <span class='ocrx_word' id='word_1_88' title='bbox 728 3884 886 3959; x_wconf 83' lang='lat' dir='ltr'>detentis</span> <span class='ocrx_word' id='word_1_89' title='bbox 906 3908 1018 3979; x_wconf 88' lang='lat' dir='ltr'>quem</span> <span class='ocrx_word' id='word_1_90' title='bbox 1038 3885 1146 3959; x_wconf 85' lang='lat' dir='ltr'>nobis</span> <span class='ocrx_word' id='word_1_91' title='bbox 1165 3885 1270 3960; x_wconf 89' lang='lat' dir='ltr'>nulla</span> <span class='ocrx_word' id='word_1_92' title='bbox 1291 3886 1445 3960; x_wconf 89' lang='lat' dir='ltr'>videndi</span> 
     </span>
     <span class='ocr_line' id='line_1_24' title="bbox 764 3989 1272 4091; baseline 0.004 -27"><span class='ocrx_word' id='word_1_93' title='bbox 764 3989 935 4066; x_wconf 84' lang='lat' dir='ltr'>Ventura</span> <span class='ocrx_word' id='word_1_94' title='bbox 953 4017 1036 4091; x_wconf 90' lang='lat' dir='ltr'>spes</span> <span class='ocrx_word' id='word_1_95' title='bbox 1056 3990 1272 4068; x_wconf 81' lang='lat' dir='ltr'>adfulserat.</span> 
     </span>
    </p>

    <p class='ocr_par' dir='ltr' id='par_1_8' title="bbox 551 4098 1582 4306">
     <span class='ocr_line' id='line_1_25' title="bbox 551 4098 1582 4199; baseline 0.002 -25"><span class='ocrx_word' id='word_1_96' title='bbox 551 4098 645 4174; x_wconf 87' lang='lat' dir='ltr'>Cum</span> <span class='ocrx_word' id='word_1_97' title='bbox 663 4109 701 4172; x_wconf 91' lang='lat' dir='ltr'>tc</span> <span class='ocrx_word' id='word_1_98' title='bbox 720 4098 973 4199; x_wconf 84' lang='lat' dir='ltr'>Musagetem,</span> <span class='ocrx_word' id='word_1_99' title='bbox 992 4099 1126 4173; x_wconf 89' lang='lat' dir='ltr'>merito</span> <span class='ocrx_word' id='word_1_100' title='bbox 1146 4123 1220 4195; x_wconf 91' lang='lat' dir='ltr'>quo</span> <span class='ocrx_word' id='word_1_101' title='bbox 1239 4100 1386 4193; x_wconf 90' lang='lat' dir='ltr'>nescio,</span> <span class='ocrx_word' id='word_1_102' title='bbox 1405 4101 1582 4178; x_wconf 88' lang='lat' dir='ltr'>Phoebus</span> 
     </span>
     <span class='ocr_line' id='line_1_26' title="bbox 765 4205 1319 4306; baseline 0.004 -27"><span class='ocrx_word' id='word_1_103' title='bbox 765 4205 901 4299; x_wconf 82' lang='lat' dir='ltr'>Mittit,</span> <span class='ocrx_word' id='word_1_104' title='bbox 921 4207 1135 4306; x_wconf 82' lang='lat' dir='ltr'>Saepcsi3</span> <span class='ocrx_word' id='word_1_105' title='bbox 1154 4207 1319 4281; x_wconf 93' lang='lat' dir='ltr'>numinis</span> 
     </span>
    </p>

    <p class='ocr_par' dir='ltr' id='par_1_9' title="bbox 553 4314 1502 4497">
     <span class='ocr_line' id='line_1_27' title="bbox 553 4314 1502 4415; baseline 0.003 -28"><span class='ocrx_word' id='word_1_106' title='bbox 553 4314 693 4406; x_wconf 85' lang='lat' dir='ltr'>Instar,</span> <span class='ocrx_word' id='word_1_107' title='bbox 713 4339 777 4414; x_wconf 87' lang='lat' dir='ltr'>spe</span> <span class='ocrx_word' id='word_1_108' title='bbox 795 4314 925 4389; x_wconf 88' lang='lat' dir='ltr'>vacuis</span> <span class='ocrx_word' id='word_1_109' title='bbox 944 4340 1096 4390; x_wconf 85' lang='lat' dir='ltr'>revoces</span> <span class='ocrx_word' id='word_1_110' title='bbox 1115 4316 1182 4411; x_wconf 94' lang='lat' dir='ltr'>qui</span> <span class='ocrx_word' id='word_1_111' title='bbox 1200 4326 1353 4415; x_wconf 87' lang='lat' dir='ltr'>pectora</span> <span class='ocrx_word' id='word_1_112' title='bbox 1371 4316 1502 4411; x_wconf 76' lang='lat' dir='ltr'>nobiS,</span> 
     </span>
     <span class='ocr_line' id='line_1_28' title="bbox 762 4421 1238 4497; baseline 0.004 -2"><span class='ocrx_word' id='word_1_113' title='bbox 762 4421 810 4495; x_wconf 86' lang='lat' dir='ltr'>Et</span> <span class='ocrx_word' id='word_1_114' title='bbox 827 4422 1026 4497; x_wconf 87' lang='lat' dir='ltr'>fluctuanti</span> <span class='ocrx_word' id='word_1_115' title='bbox 1044 4425 1238 4497; x_wconf 86' lang='lat' dir='ltr'>dexteram</span> 
     </span>
    </p>

    <p class='ocr_par' dir='ltr' id='par_1_10' title="bbox 551 4528 1526 4738">
     <span class='ocr_line' id='line_1_29' title="bbox 551 4528 1526 4631; baseline 0.001 -26"><span class='ocrx_word' id='word_1_116' title='bbox 551 4528 696 4605; x_wconf 88' lang='lat' dir='ltr'>Tendas</span> <span class='ocrx_word' id='word_1_117' title='bbox 714 4529 927 4631; x_wconf 87' lang='lat' dir='ltr'>propitiam.</span> <span class='ocrx_word' id='word_1_118' title='bbox 946 4530 1095 4622; x_wconf 80' lang='lat' dir='ltr'>Latiae,</span> <span class='ocrx_word' id='word_1_119' title='bbox 1114 4555 1198 4604; x_wconf 89' lang='lat' dir='ltr'>mea</span> <span class='ocrx_word' id='word_1_120' title='bbox 1216 4530 1379 4630; x_wconf 83' lang='lat' dir='ltr'>gaudia,</span> <span class='ocrx_word' id='word_1_121' title='bbox 1398 4556 1526 4607; x_wconf 89' lang='lat' dir='ltr'>musae</span> 
     </span>
     <span class='ocr_line' id='line_1_30' title="bbox 763 4636 1316 4738; baseline 0 -27"><span class='ocrx_word' id='word_1_122' title='bbox 763 4636 877 4714; x_wconf 90' lang='lat' dir='ltr'>Nobis</span> <span class='ocrx_word' id='word_1_123' title='bbox 897 4638 1063 4738; x_wconf 84' lang='lat' dir='ltr'>benigna</span> <span class='ocrx_word' id='word_1_124' title='bbox 1081 4640 1183 4733; x_wconf 94' lang='lat' dir='ltr'>quod</span> <span class='ocrx_word' id='word_1_125' title='bbox 1200 4663 1316 4712; x_wconf 90' lang='lat' dir='ltr'>manu</span> 
     </span>
    </p>

    <p class='ocr_par' dir='ltr' id='par_1_11' title="bbox 554 4743 1464 4952">
     <span class='ocr_line' id='line_1_31' title="bbox 554 4743 1464 4846; baseline -0.002 -24"><span class='ocrx_word' id='word_1_126' title='bbox 554 4743 655 4823; x_wconf 92' lang='lat' dir='ltr'>Olim</span> <span class='ocrx_word' id='word_1_127' title='bbox 674 4746 876 4842; x_wconf 68' lang='lat' dir='ltr'>donarant,</span> <span class='ocrx_word' id='word_1_128' title='bbox 895 4743 1094 4819; x_wconf 86' lang='lat' dir='ltr'>infandum</span> <span class='ocrx_word' id='word_1_129' title='bbox 1112 4747 1288 4841; x_wconf 94' lang='lat' dir='ltr'>quodque</span> <span class='ocrx_word' id='word_1_130' title='bbox 1305 4746 1464 4846; x_wconf 85' lang='lat' dir='ltr'>maligni</span> 
     </span>
     <span class='ocr_line' id='line_1_32' title="bbox 762 4850 1237 4952; baseline -0.002 -26"><span class='ocrx_word' id='word_1_131' title='bbox 762 4850 962 4952; x_wconf 85' lang='lat' dir='ltr'>Effugerat</span> <span class='ocrx_word' id='word_1_132' title='bbox 980 4850 1075 4926; x_wconf 84' lang='lat' dir='ltr'>furis</span> <span class='ocrx_word' id='word_1_133' title='bbox 1096 4853 1237 4945; x_wconf 91' lang='lat' dir='ltr'>scelus,</span> 
     </span>
    </p>

    <p class='ocr_par' dir='ltr' id='par_1_12' title="bbox 554 4958 1628 5066">
     <span class='ocr_line' id='line_1_33' title="bbox 554 4958 1628 5066; baseline 0.006 -32"><span class='ocrx_word' id='word_1_134' title='bbox 554 4959 694 5035; x_wconf 89' lang='lat' dir='ltr'>Isthinc</span> <span class='ocrx_word' id='word_1_135' title='bbox 712 4983 852 5059; x_wconf 89' lang='lat' dir='ltr'>perque</span> <span class='ocrx_word' id='word_1_136' title='bbox 870 4985 1003 5034; x_wconf 91' lang='lat' dir='ltr'>manus</span> <span class='ocrx_word' id='word_1_137' title='bbox 1021 4958 1220 5034; x_wconf 92' lang='lat' dir='ltr'>hominum</span> <span class='ocrx_word' id='word_1_138' title='bbox 1237 4985 1303 5066; x_wconf 83' lang='lat' dir='ltr'>per</span> <span class='ocrx_word' id='word_1_139' title='bbox 1322 4970 1360 5035; x_wconf 89' lang='lat' dir='ltr'>et</span> <span class='ocrx_word' id='word_1_140' title='bbox 1378 4987 1444 5037; x_wconf 90' lang='lat' dir='ltr'>ora</span> <span class='ocrx_word' id='word_1_141' title='bbox 1461 4963 1628 5059; x_wconf 86' lang='lat' dir='ltr'>volabit,</span> 
     </span>
    </p>
   </div>
   <div class='ocr_carea' id='block_1_7' title="bbox 765 5068 1494 5251">
    <p class='ocr_par' dir='ltr' id='par_1_13' title="bbox 765 5068 1494 5251">
     <span class='ocr_line' id='line_1_34' title="bbox 765 5068 1320 5164; baseline -0.004 -22"><span class='ocrx_word' id='word_1_142' title='bbox 765 5069 900 5143; x_wconf 86' lang='lat' dir='ltr'>Pectus</span> <span class='ocrx_word' id='word_1_143' title='bbox 918 5068 1056 5164; x_wconf 88' lang='lat' dir='ltr'>quibus</span> <span class='ocrx_word' id='word_1_144' title='bbox 1073 5091 1229 5141; x_wconf 89' lang='lat' dir='ltr'>romana</span> <span class='ocrx_word' id='word_1_145' title='bbox 1245 5093 1320 5142; x_wconf 91' lang='lat' dir='ltr'>non</span> 
     </span>
     <span class='ocr_line' id='line_1_35' title="bbox 1425 5176 1494 5251; baseline 0.029 -2"><span class='ocrx_word' id='word_1_146' title='bbox 1425 5176 1494 5251; x_wconf 80' lang='lat'>17*</span> 
     </span>
    </p>
   </div>
   <div class='ocr_carea' id='block_1_8' title="bbox 0 0 2046 6000">
    <p class='ocr_par' dir='ltr' id='par_1_14' title="bbox 0 0 2046 6000">
     <span class='ocr_line' id='line_1_36' title="bbox 0 0 2046 6000; baseline 0 5"><span class='ocrx_word' id='word_1_147' title='bbox 0 0 2046 6000; x_wconf 95' lang='lat' dir='ltr'> </span> 
     </span>
    </p>
   </div>
  </div>
 </body>
</html>
