4084 6000
985 657 1059 732 115

442 866 535 960 Quis
553 880 668 964 queat
686 871 865 962 eximior,
884 881 1079 969 pratorum
1097 869 1259 962 lumina,
1278 873 1416 946 flores?

547 974 596 1051 Et
615 977 782 1054 salubres
799 979 936 1053 herbas
956 977 1041 1076 quis
1059 1001 1256 1052 numerare
1275 979 1417 1074 queat‘?

444 1081 484 1159 Si
503 1086 637 1159 subeas
654 1084 808 1160 hortum
826 1084 938 1181 (quid
955 1086 1057 1159 culto
1075 1085 1270 1184 pulchrius
1288 1086 1398 1162 horto
1417 1089 1523 1177 est‘l)

546 1190 695 1283 Quanta
713 1193 914 1268 mirantem
931 1191 1131 1268 sedulitate
1150 1191 1268 1293 capit!

441 1297 649 1400 Ambiguos
667 1301 798 1395 calles,
817 1303 950 1377 densos
966 1300 1151 1375 mirabere
1170 1302 1306 1393 saltus,

546 1407 691 1505 Perque
709 1422 854 1484 aestum
871 1406 1003 1482 viridis
1021 1407 1192 1504 qualibet
1210 1410 1348 1483 umbra
1362 1407 1480 1484 iuvat.

441 1510 513 1587 Hic
531 1513 693 1590 humiles
711 1513 885 1609 fruticeS,
904 1516 967 1590 hic
985 1526 1023 1589 te
1042 1517 1195 1590 dumeta
1213 1524 1429 1608 morantur,

548 1621 620 1698 Hic
638 1621 788 1724 fugiens
807 1625 941 1699 retinet
957 1623 1180 1725 garrulitate
1199 1624 1312 1698 latex.

442 1727 539 1803 Lilia
556 1729 649 1827 quid
666 1757 890 1824 memorem,
908 1729 1033 1806 varias
1051 1729 1244 1828 violasque
1263 1753 1460 1828 rosasque,

546 1836 651 1929 Quae
670 1840 818 1938 patulas
836 1841 1005 1940 gaudent
1023 1837 1174 1940 cingere
1192 1863 1342 1935 quaque
1360 1836 1471 1912 vias‘?

442 1943 565 2037 Haec,
584 1946 755 2020 studiosa
773 1947 924 2040 cohors,
942 1945 1065 2021 avidis
1084 1947 1175 2022 dum
1193 1945 1312 2020 cernis
1331 1945 1476 2039 ocellis,

547 2051 637 2146 Dic,
657 2079 747 2155 age,
767 2055 851 2152 quis
870 2078 997 2129 sensus
1015 2063 1166 2154 pectora
1183 2077 1279 2154 pura
1296 2053 1427 2127 subit?

442 2157 636 2234 Mirarisne
654 2161 797 2254 Deum,
814 2161 923 2236 cuius
940 2172 1019 2236 tam
1037 2161 1133 2235 mira
1151 2161 1341 2260 potestas?

545 2267 680 2362 Cuius,
699 2294 796 2366 quae
815 2269 956 2362 cernis,
974 2271 1132 2343 dextera
1150 2277 1285 2344 cuncta
1301 2267 1431 2368 regit?

442 2373 508 2449 Ille
527 2375 630 2450 dedit
647 2376 769 2478 riguis
787 2375 947 2476 campis,
965 2371 1168 2474 herbisque
1186 2377 1379 2477 vigorem,

547 2481 601 2558 Ut
618 2483 772 2560 medicis
790 2485 942 2559 valeant
960 2484 1128 2576 viribus,
1146 2483 1209 2558 ille
1228 2481 1341 2557 dedit.

441 2588 547 2665 Illius
566 2602 715 2666 resonat
731 2592 882 2684 laudeS,
900 2593 993 2666 dum
1010 2615 1102 2666 voce
1120 2615 1256 2666 canora

544 2696 658 2773 Nocte
676 2698 811 2797 dieque
828 2711 939 2774 vocat
955 2698 1111 2773 Daulias
1128 2698 1204 2771 ales
1221 2699 1320 2799 ltyn.

442 2802 552 2894 Quod
569 2806 737 2908 Zephyri
755 2815 956 2906 properent
972 2806 1104 2880 molles
1122 2803 1269 2902 rivique
1289 2802 1459 2904 fugaces,

546 2910 678 3004 Quid‘l
697 2912 770 2988 nisi
788 2911 970 3016 stelligeri
987 2915 1123 2987 dextra
1140 2911 1305 3013 benigna
1322 2911 1400 3012 poli
1417 2923 1482 2986 est.

444 3019 495 3113 O,
514 3046 605 3121 age,
622 3023 729 3097 flecte
746 3048 868 3124 genu,
886 3033 925 3097 et
942 3046 1082 3096 numen
1099 3019 1311 3096 venerabile
1331 3022 1464 3114 adora,

544 3127 713 3222 Numen,
731 3130 794 3204 cui
812 3128 942 3205 laudes
960 3142 1061 3203 terra
1078 3128 1261 3229 polusque
1279 3138 1397 3203 sonat.

441 3232 554 3336 Erige
573 3236 749 3329 delimo,
768 3261 864 3332 quae
882 3263 987 3312 mens
1004 3234 1076 3311 tibi
1095 3236 1214 3311 sidere
1233 3246 1320 3310 nata
1337 3248 1412 3333 est3

546 3342 641 3436 Fac,
659 3344 709 3418 sis
726 3345 936 3444 praeceptis
954 3344 1177 3441 obsequiosa
1193 3343 1275 3443 piis.

442 3450 532 3525 Post
550 3474 702 3551 superos
719 3450 886 3551 primum
903 3452 1139 3553 genitoribus
1157 3451 1275 3525 adiice
1294 3451 1456 3544 cultum,

546 3558 751 3651 Proxima,
770 3558 837 3655 qui
855 3557 1011 3653 format,
1030 3585 1122 3635 cura
1140 3558 1319 3659 magister
1337 3558 1419 3633 erit.

442 3663 534 3755 Quis
552 3663 657 3740 furor
674 3667 714 3756 in
731 3691 848 3766 puero
866 3692 971 3741 caros
992 3667 1159 3742 cruciare
1177 3676 1367 3767 parentes,

547 3774 694 3872 Proque
713 3774 776 3873 pio
794 3776 908 3848 duras
924 3776 1081 3875 reddere
1100 3799 1225 3849 amore
1244 3772 1376 3847 vioes‘l

443 3877 536 3969 Quis
553 3878 660 3955 furor
676 3881 716 3955 iu
733 3906 879 3983 gnaros
896 3881 1031 3956 tetrica
1049 3881 1193 3955 saevire
1212 3880 1414 3981 magistros
1423 3922 1436 3972 ,·

546 3987 705 4081 Fronte,
723 3989 862 4085 quibus
880 3988 984 4064 cordi
1002 3988 1082 4062 vita
1100 3989 1274 4083 salusque
1293 3997 1359 4061 tua
1377 3990 1463 4062 est'?

444 4094 492 4169 At
509 4096 626 4170 catuli
643 4095 809 4196 placidas
826 4122 902 4171 non
919 4097 1074 4171 laedunt
1092 4096 1246 4171 vulnere
1264 4104 1422 4170 matres:

547 4201 650 4278 Heu!
669 4205 810 4303 pudeat
827 4203 949 4279 brutis
969 4201 1154 4278 deteriora
1172 4201 1291 4299 sequi.

444 4308 592 4409 Orphea
610 4309 808 4387 Chionides
824 4310 1032 4411 Eumolpus
1050 4331 1196 4411 semper
1213 4308 1372 4401 amavit,

549 4418 665 4494 Carus
683 4428 764 4493 erat
780 4417 920 4495 Chiron
940 4430 1107 4519 semper,
1125 4417 1286 4510 Achille,
1303 4416 1386 4493 tibi.

444 4522 493 4599 Et
509 4533 638 4601 tamen
655 4526 724 4601 hos
742 4536 892 4603 sanctae
909 4524 1092 4628 fugeruut
1110 4525 1254 4601 lumina
1271 4524 1387 4625 legis:

548 4632 654 4709 Tune
670 4641 796 4733 potes,
814 4632 979 4727 iuvenis,
996 4636 1181 4709 barbarus
1200 4656 1278 4708 esse
1296 4630 1447 4732 magis?
1489 4648 1493 4654 '

444 4738 528 4834 Quo
546 4752 852 4842 praeceptorum,
870 4764 945 4837 quo
964 4743 1094 4817 tendat
1112 4766 1203 4815 cura
1220 4750 1417 4840 parentum

550 4846 747 4949 Effugiant
765 4872 933 4946 unquam
950 4859 1102 4947 pectora
1118 4857 1264 4939 vestra,
1284 4872 1385 4922 cave.

447 4948 662 5031 Coniunctis
680 4954 738 5031 illi
755 4954 910 5048 studiis,
927 4954 1125 5056 rigidoque
1142 4957 1272 5031 labore

552 5062 769 5141 Accelerant
786 5061 896 5140 sortis
913 5062 1072 5139 candida
1089 5063 1174 5137 vela
1191 5070 1293 5139 tneo..
1373 5148 1377 5156 Ι

1390 5167 1440 5239 8*
