4084 6000
1067 589 1116 663 80

984 703 1195 714 ——a—

512 796 546 872 N
548 823 618 872 unc
637 797 805 874 Euclidis
823 810 867 874 tu
884 825 1079 892 numeros,
1097 803 1300 898 doctosque
1318 802 1497 894 tabellas,

616 905 723 980 Nunc
741 908 871 982 recolis
890 915 1068 1008 magnoS,
1087 907 1164 982 otia
1181 919 1311 1010 grata,
1330 909 1478 1009 sophos.

512 1013 628 1111 Saepe
646 1015 739 1086 soles
758 1015 870 1089 etiam
889 1016 1064 1108 blandae,
1083 1026 1166 1090 tua
1184 1017 1345 1116 gaudia,
1362 1040 1511 1107 musas,

615 1121 855 1220 Hungarioa,
873 1136 938 1196 aut
956 1122 1047 1196 latia
1064 1123 1283 1220 prolicuisse
1302 1125 1426 1225 chely.
1445 1172 1448 1178 ·
1501 1122 1503 1128 ’

510 1228 600 1301 Vidi
619 1253 690 1328 ego
709 1253 878 1328 nuperno
896 1228 1056 1304 dictatos
1075 1243 1244 1330 tempore
1262 1257 1414 1322 versuo,

614 1334 829 1433 Explebant
847 1362 1023 1411 numeros
1042 1337 1161 1431 Naso,
1178 1339 1375 1438 Viragque
1394 1348 1490 1412 tuos.

495 1441 642 1533 Quid?
663 1445 763 1538 quod
781 1455 819 1517 et
837 1456 992 1544 argutos
1011 1445 1143 1518 misces
1162 1473 1236 1520 non
1255 1471 1341 1520 raro
1360 1435 1525 1544 lepores,

613 1551 762 1644 Dasque
781 1575 891 1624 suum
909 1553 1070 1644 salibuS,
1090 1551 1356 1649 blanditiisque
1374 1553 1510 1627 locum.

509 1657 592 1733 Non
611 1657 742 1748 aliter,
761 1684 875 1752 quam
894 1684 981 1733 cum
1000 1670 1083 1758 post
1101 1660 1203 1734 mille
1222 1661 1362 1759 pericla
1381 1670 1533 1760 penates

614 1766 657 1838 In
676 1764 818 1864 patrios
836 1766 943 1839 miles
962 1767 1082 1840 victor
1102 1771 1149 1842 ab
1169 1767 1275 1842 hoste
1294 1767 1411 1860 redit,

509 1872 707 1963 Terrores,
720 1872 913 1967 hostisque
932 1871 1087 1974 fugam,
1105 1878 1342 1974 grandesque
1361 1876 1506 1948 labores

613 1980 734 2072 Inter,
753 2005 925 2063 securus,
947 1982 1036 2055 vina
1054 1981 1228 2077 iocosque
1247 1983 1372 2056 refert.

510 2088 665 2177 Annon,
684 2111 779 2181 quae
798 2087 903 2178 talis,
922 2089 1034 2162 simul
1052 2099 1091 2162 et
1108 2088 1273 2163 iucunda
1291 2101 1439 2164 senecta
1458 2089 1543 2162 est?

613 2196 688 2268 Aut
706 2207 827 2286 aetas,
847 2220 943 2289 quae
962 2194 1013 2268 sic
1033 2195 1170 2288 currit,
1188 2197 1308 2270 inanis
1327 2195 1397 2270 erit
1406 2199 1426 2269 ‘l

508 2303 579 2376 Pes
596 2301 711 2374 habet
729 2315 785 2376 ast
804 2301 962 2393 vitium,
981 2303 1099 2375 dices:
1120 2303 1282 2403 elegeia,
1301 2329 1416 2398 quam
1435 2303 1489 2376 sic

611 2408 767 2508 Diligis,
786 2409 928 2482 alterno
947 2409 1134 2484 claudicat
1150 2410 1234 2509 ipsa
1249 2413 1354 2509 pede.

509 2515 682 2616 Caligant
701 2516 821 2606 oculi,
840 2515 936 2588 nihil
953 2529 1018 2591 est.
1047 2517 1148 2593 Dum
1166 2511 1462 2618 robora'Pyrrhi
1541 2573 1543 2580 .

611 2622 753 2722 Appius
772 2623 904 2714 elusit,
923 2623 1076 2696 luminis
1096 2629 1208 2700 orbus
1228 2636 1319 2698 erat.

508 2729 740 2822 Quinetiam
759 2743 933 2823 narrant,
952 2732 1077 2805 animo
1095 2744 1139 2806 ut
1156 2733 1241 2831 plus
1260 2756 1410 2806 cernere
1428 2731 1565 2830 possit,

612 2837 821 2927 Quemdam
838 2837 1045 2912 luminibus
1065 2864 1102 2913 se
1123 2839 1299 2938 spoliasse
1318 2839 1406 2914 suis.

508 2944 607 3018 Vivo
627 2944 801 3041 quidem,
820 2947 978 3021 sednon
996 2946 1173 3021 meritum
1193 2957 1248 3021 est
1266 2972 1326 3021 me
1345 2947 1493 3039 vivere,
1512 2945 1628 3022 dicis:

612 3054 712 3152 Ergo
731 3065 840 3151 putas
859 3077 1011 3152 superos
1030 3079 1138 3152 posse
1157 3054 1283 3129 favere
1302 3054 1464 3128 malisl

508 3159 546 3234 Si
565 3157 641 3234 fors
661 3185 780 3259 poena
798 3160 893 3234 tibi
912 3174 983 3253 est,
1002 3163 1104 3256 quod
1121 3163 1253 3263 longos
1272 3162 1415 3236 vixeris
1435 3185 1572 3255 annoS,

593 3267 801 3352 ¹Debueras
818 3268 987 3367 graviter
1005 3269 1151 3342 laedere
1173 3294 1280 3368 saepe
1299 3270 1442 3365 Deum;
1472 3307 1475 3314 f

506 3374 570 3449 Sin
588 3375 731 3466 minuS,
750 3375 843 3449 haec
862 3376 1004 3449 meritis
1023 3380 1283 3450 tantummodo
1302 3374 1462 3475 contigit
1478 3387 1597 3450 aetas:

526 3499 529 3503 “
609 3482 627 3555 Ι
646 3507 764 3574 nuno,
783 3493 829 3555 te
848 3483 917 3556 hos
936 3508 1051 3557 annos
1071 3509 1145 3569 non
1162 3484 1340 3558 meruisse
1359 3482 1468 3557 refer.

505 3589 692 3663 Insultant
709 3589 1050 3682 iuvenes'senibuS,
1069 3616 1143 3665 non
1161 3616 1245 3666 rara
1265 3592 1418 3686 querela
1436 3603 1510 3664 est:

610 3696 693 3771 Non
710 3722 826 3797 nego,
845 3697 875 3772 si
895 3698 1064 3791 senibus,
1083 3701 1184 3793 quod
1201 3712 1451 3794 venerentur,
1462 3700 1582 3772 abest.
1633 3733 1636 3747 ι

507 3804 641 3879 Essent
659 3830 843 3878 annorum
861 3804 1008 3879 numeri
1027 3806 1058 3878 si
1077 3804 1171 3885 forte
1191 3806 1356 3897 colendi,
1379 3806 1381 3813 ‘

612 3912 730 3987 Corve
748 3937 883 4003 senex,
902 3924 1042 4009 quanto
1060 3914 1201 4014 dignus
1220 3913 1360 3988 honore
1379 3910 1494 3986 foresl

505 4018 549 4093 ld
566 4031 618 4093 tu
636 4045 711 4093 non
729 4020 914 4115 quereris,
933 4021 1040 4095 nobis
1059 4032 1117 4095 ter
1136 4033 1257 4097 amate
1277 4024 1436 4111 decane,

609 4126 744 4201 Nostra
762 4127 802 4200 in
821 4140 864 4202 te
882 4127 999 4227 pietas
1018 4131 1178 4227 perbene
1197 4138 1286 4203 nota
1304 4128 1402 4200 tibi
1419 4137 1484 4201 est.

504 4235 683 4310 Praesens
702 4260 850 4307 carmen
869 4247 958 4334 agat
976 4247 1121 4310 testem.
1143 4236 1198 4310 Sit
1217 4247 1383 4334 tempore
1402 4259 1502 4325 seru,
1581 4250 1584 4253 ’

609 4340 691 4432 Quo
710 4356 793 4415 tua
812 4341 979 4415 dicamus
998 4343 1427 4441 molliter'ossaqcubent.
