<?xml version="1.0" encoding="UTF-8"?>
<!DOCTYPE html PUBLIC "-//W3C//DTD XHTML 1.0 Transitional//EN"
    "http://www.w3.org/TR/xhtml1/DTD/xhtml1-transitional.dtd">
<html xmlns="http://www.w3.org/1999/xhtml" xml:lang="en" lang="en">
 <head>
  <title>
</title>
<meta http-equiv="Content-Type" content="text/html;charset=utf-8" />
  <meta name='ocr-system' content='tesseract 3.04.00' />
  <meta name='ocr-capabilities' content='ocr_page ocr_carea ocr_par ocr_line ocrx_word'/>
</head>
<body>
  <div class='ocr_page' id='page_1' title='image "./poematumlibrise00jallgoog_0169.png"; bbox 0 0 4084 6000; ppageno 0'>
   <div class='ocr_carea' id='block_1_1' title="bbox 333 624 1537 3411">
    <p class='ocr_par' dir='ltr' id='par_1_1' title="bbox 974 624 1047 700">
     <span class='ocr_line' id='line_1_1' title="bbox 974 624 1047 700; baseline 0.027 -2"><span class='ocrx_word' id='word_1_1' title='bbox 974 624 1047 700; x_wconf 78' lang='lat'>141</span> 
     </span>
    </p>

    <p class='ocr_par' dir='ltr' id='par_1_2' title="bbox 431 836 1403 1045">
     <span class='ocr_line' id='line_1_2' title="bbox 431 836 1340 938; baseline -0.001 -23"><span class='ocrx_word' id='word_1_2' title='bbox 431 837 480 915; x_wconf 88' lang='lat' dir='ltr'>Et</span> <span class='ocrx_word' id='word_1_3' title='bbox 496 836 672 934; x_wconf 84' lang='lat' dir='ltr'>quamvis</span> <span class='ocrx_word' id='word_1_4' title='bbox 689 847 811 910; x_wconf 75' lang='lat' dir='ltr'>aestas</span> <span class='ocrx_word' id='word_1_5' title='bbox 829 837 1000 912; x_wconf 75' lang='lat' dir='ltr'>devastet</span> <span class='ocrx_word' id='word_1_6' title='bbox 1016 837 1208 938; x_wconf 59' lang='lat' dir='ltr'>mecine</span> <span class='ocrx_word' id='word_1_7' title='bbox 1222 837 1340 930; x_wconf 83' lang='lat' dir='ltr'>vites,</span> 
     </span>
     <span class='ocr_line' id='line_1_3' title="bbox 536 942 1403 1045; baseline -0.002 -24"><span class='ocrx_word' id='word_1_8' title='bbox 536 942 688 1021; x_wconf 79' lang='lat' dir='ltr'>Credita</span> <span class='ocrx_word' id='word_1_9' title='bbox 706 967 774 1018; x_wconf 88' lang='lat' dir='ltr'>uec</span> <span class='ocrx_word' id='word_1_10' title='bbox 792 944 959 1019; x_wconf 85' lang='lat' dir='ltr'>mendax</span> <span class='ocrx_word' id='word_1_11' title='bbox 975 945 1123 1020; x_wconf 81' lang='lat' dir='ltr'>semina</span> <span class='ocrx_word' id='word_1_12' title='bbox 1139 946 1275 1022; x_wconf 90' lang='lat' dir='ltr'>reddat</span> <span class='ocrx_word' id='word_1_13' title='bbox 1292 969 1403 1045; x_wconf 76' lang='lat' dir='ltr'>ager,</span> 
     </span>
    </p>

    <p class='ocr_par' dir='ltr' id='par_1_3' title="bbox 430 1052 1358 1253">
     <span class='ocr_line' id='line_1_4' title="bbox 430 1052 1357 1152; baseline 0.005 -25"><span class='ocrx_word' id='word_1_14' title='bbox 430 1052 479 1128; x_wconf 82' lang='lat' dir='ltr'>Et</span> <span class='ocrx_word' id='word_1_15' title='bbox 496 1060 612 1152; x_wconf 86' lang='lat' dir='ltr'>neget</span> <span class='ocrx_word' id='word_1_16' title='bbox 629 1060 837 1127; x_wconf 86' lang='lat' dir='ltr'>autumnus</span> <span class='ocrx_word' id='word_1_17' title='bbox 856 1053 903 1127; x_wconf 91' lang='lat' dir='ltr'>de</span> <span class='ocrx_word' id='word_1_18' title='bbox 920 1052 1036 1129; x_wconf 83' lang='lat' dir='ltr'>ramis</span> <span class='ocrx_word' id='word_1_19' title='bbox 1053 1054 1207 1128; x_wconf 84' lang='lat' dir='ltr'>tendere</span> <span class='ocrx_word' id='word_1_20' title='bbox 1224 1076 1357 1152; x_wconf 64' lang='lat' dir='ltr'>poma„</span> 
     </span>
     <span class='ocr_line' id='line_1_5' title="bbox 536 1158 1358 1253; baseline 0.002 -19"><span class='ocrx_word' id='word_1_21' title='bbox 536 1158 639 1250; x_wconf 81' lang='lat' dir='ltr'>Quos</span> <span class='ocrx_word' id='word_1_22' title='bbox 656 1158 779 1233; x_wconf 88' lang='lat' dir='ltr'>imber</span> <span class='ocrx_word' id='word_1_23' title='bbox 795 1159 953 1253; x_wconf 84' lang='lat' dir='ltr'>nimius,</span> <span class='ocrx_word' id='word_1_24' title='bbox 969 1160 1034 1236; x_wconf 86' lang='lat' dir='ltr'>vel</span> <span class='ocrx_word' id='word_1_25' title='bbox 1050 1159 1208 1236; x_wconf 78' lang='lat' dir='ltr'>vitiaret</span> <span class='ocrx_word' id='word_1_26' title='bbox 1225 1160 1358 1236; x_wconf 80' lang='lat' dir='ltr'>hieme.</span> 
     </span>
    </p>

    <p class='ocr_par' dir='ltr' id='par_1_4' title="bbox 333 1266 1481 1476">
     <span class='ocr_line' id='line_1_6' title="bbox 333 1266 1328 1367; baseline -0.001 -24"><span class='ocrx_word' id='word_1_27' title='bbox 333 1312 351 1363; x_wconf 65' lang='lat'>4</span> <span class='ocrx_word' id='word_1_28' title='bbox 430 1267 629 1343; x_wconf 80' lang='lat' dir='ltr'>Contracta</span> <span class='ocrx_word' id='word_1_29' title='bbox 646 1266 695 1340; x_wconf 90' lang='lat' dir='ltr'>ob</span> <span class='ocrx_word' id='word_1_30' title='bbox 713 1266 832 1342; x_wconf 83' lang='lat' dir='ltr'>moles</span> <span class='ocrx_word' id='word_1_31' title='bbox 850 1266 1007 1344; x_wconf 81' lang='lat' dir='ltr'>iniectas</span> <span class='ocrx_word' id='word_1_32' title='bbox 1026 1291 1191 1364; x_wconf 88' lang='lat' dir='ltr'>aequora</span> <span class='ocrx_word' id='word_1_33' title='bbox 1208 1267 1328 1367; x_wconf 80' lang='lat' dir='ltr'>pisces</span> 
     </span>
     <span class='ocr_line' id='line_1_7' title="bbox 537 1375 1481 1476; baseline 0.004 -26"><span class='ocrx_word' id='word_1_34' title='bbox 537 1375 769 1450; x_wconf 79' lang='lat' dir='ltr'>Advertuntz</span> <span class='ocrx_word' id='word_1_35' title='bbox 787 1400 858 1450; x_wconf 90' lang='lat' dir='ltr'>nec</span> <span class='ocrx_word' id='word_1_36' title='bbox 875 1375 998 1468; x_wconf 91' lang='lat' dir='ltr'>enim,</span> <span class='ocrx_word' id='word_1_37' title='bbox 1014 1399 1093 1472; x_wconf 89' lang='lat' dir='ltr'>qua</span> <span class='ocrx_word' id='word_1_38' title='bbox 1110 1375 1238 1476; x_wconf 78' lang='lat' dir='ltr'>priua,</span> <span class='ocrx_word' id='word_1_39' title='bbox 1255 1375 1324 1450; x_wconf 87' lang='lat' dir='ltr'>illa</span> <span class='ocrx_word' id='word_1_40' title='bbox 1340 1387 1481 1473; x_wconf 89' lang='lat' dir='ltr'>patent.</span> 
     </span>
    </p>

    <p class='ocr_par' dir='ltr' id='par_1_5' title="bbox 430 1479 1537 1690">
     <span class='ocr_line' id='line_1_8' title="bbox 430 1479 1537 1583; baseline 0.003 -27"><span class='ocrx_word' id='word_1_41' title='bbox 430 1481 572 1583; x_wconf 84' lang='lat' dir='ltr'>Nempe</span> <span class='ocrx_word' id='word_1_42' title='bbox 590 1479 767 1577; x_wconf 80' lang='lat' dir='ltr'>frequens</span> <span class='ocrx_word' id='word_1_43' title='bbox 784 1481 878 1558; x_wconf 91' lang='lat' dir='ltr'><strong>illuc</strong></span> <span class='ocrx_word' id='word_1_44' title='bbox 895 1483 1063 1559; x_wconf 91' lang='lat' dir='ltr'>demittit</span> <span class='ocrx_word' id='word_1_45' title='bbox 1081 1507 1176 1558; x_wconf 87' lang='lat' dir='ltr'>saxa</span> <span class='ocrx_word' id='word_1_46' title='bbox 1194 1485 1430 1582; x_wconf 75' lang='lat' dir='ltr'>redemptor,</span> <span class='ocrx_word' id='word_1_47' title='bbox 1533 1551 1537 1559; x_wconf 93' lang='lat'>.</span> 
     </span>
     <span class='ocr_line' id='line_1_9' title="bbox 534 1586 1449 1690; baseline 0.002 -26"><span class='ocrx_word' id='word_1_48' title='bbox 534 1588 733 1664; x_wconf 78' lang='lat' dir='ltr'><strong>Fluctibus</strong></span> <span class='ocrx_word' id='word_1_49' title='bbox 749 1589 787 1664; x_wconf 91' lang='lat' dir='ltr'>in</span> <span class='ocrx_word' id='word_1_50' title='bbox 807 1586 943 1665; x_wconf 83' lang='lat' dir='ltr'>mediis</span> <span class='ocrx_word' id='word_1_51' title='bbox 959 1602 1061 1666; x_wconf 89' lang='lat' dir='ltr'>tecta</span> <span class='ocrx_word' id='word_1_52' title='bbox 1078 1592 1284 1687; x_wconf 81' lang='lat' dir='ltr'>domosque</span> <span class='ocrx_word' id='word_1_53' title='bbox 1296 1615 1449 1690; x_wconf 79' lang='lat' dir='ltr'>parans,</span> 
     </span>
    </p>

    <p class='ocr_par' dir='ltr' id='par_1_6' title="bbox 428 1696 1443 1906">
     <span class='ocr_line' id='line_1_10' title="bbox 428 1696 1443 1795; baseline -0.002 -22"><span class='ocrx_word' id='word_1_54' title='bbox 428 1696 595 1773; x_wconf 85' lang='lat' dir='ltr'>Pertaeai</span> <span class='ocrx_word' id='word_1_55' title='bbox 612 1707 731 1772; x_wconf 73' lang='lat' dir='ltr'>ten-aa</span> <span class='ocrx_word' id='word_1_56' title='bbox 749 1698 925 1773; x_wconf 86' lang='lat' dir='ltr'>dominns</span> <span class='ocrx_word' id='word_1_57' title='bbox 943 1696 1155 1795; x_wconf 78' lang='lat' dir='ltr'><strong>famulique</strong></span> <span class='ocrx_word' id='word_1_58' title='bbox 1170 1697 1303 1773; x_wconf 88' lang='lat' dir='ltr'>fideles</span> <span class='ocrx_word' id='word_1_59' title='bbox 1440 1737 1443 1744; x_wconf 87' lang='lat'>.</span> 
     </span>
     <span class='ocr_line' id='line_1_11' title="bbox 532 1803 1357 1906; baseline -0.001 -25"><span class='ocrx_word' id='word_1_60' title='bbox 532 1803 615 1881; x_wconf 89' lang='lat' dir='ltr'>Hoc</span> <span class='ocrx_word' id='word_1_61' title='bbox 632 1804 791 1905; x_wconf 88' lang='lat' dir='ltr'>posthac</span> <span class='ocrx_word' id='word_1_62' title='bbox 808 1807 968 1906; x_wconf 91' lang='lat' dir='ltr'>cupiunt</span> <span class='ocrx_word' id='word_1_63' title='bbox 984 1806 1062 1880; x_wconf 90' lang='lat' dir='ltr'>iam</span> <span class='ocrx_word' id='word_1_64' title='bbox 1079 1803 1244 1883; x_wconf 78' lang='lat' dir='ltr'>residere</span> <span class='ocrx_word' id='word_1_65' title='bbox 1262 1807 1357 1880; x_wconf 84' lang='lat' dir='ltr'>loco.</span> 
     </span>
    </p>

    <p class='ocr_par' dir='ltr' id='par_1_7' title="bbox 427 1910 1502 2123">
     <span class='ocr_line' id='line_1_12' title="bbox 427 1910 1502 2009; baseline 0 -21"><span class='ocrx_word' id='word_1_66' title='bbox 427 1910 724 2009; x_wconf 85' lang='lat' dir='ltr'>Necquidquam.</span> <span class='ocrx_word' id='word_1_67' title='bbox 742 1912 950 1989; x_wconf 90' lang='lat' dir='ltr'>Dominum</span> <span class='ocrx_word' id='word_1_68' title='bbox 966 1937 1081 1989; x_wconf 86' lang='lat' dir='ltr'>curae</span> <span class='ocrx_word' id='word_1_69' title='bbox 1099 1912 1332 1988; x_wconf 79' lang='lat' dir='ltr'><strong>comitantur</strong></span> <span class='ocrx_word' id='word_1_70' title='bbox 1349 1924 1502 2003; x_wconf 79' lang='lat' dir='ltr'>acutae,</span> 
     </span>
     <span class='ocr_line' id='line_1_13' title="bbox 531 2018 1285 2123; baseline 0.004 -29"><span class='ocrx_word' id='word_1_71' title='bbox 531 2018 715 2117; x_wconf 79' lang='lat' dir='ltr'><strong>Quisquis</strong></span> <span class='ocrx_word' id='word_1_72' title='bbox 732 2019 859 2096; x_wconf 77' lang='lat' dir='ltr'><strong>delicti</strong></span> <span class='ocrx_word' id='word_1_73' title='bbox 877 2020 1026 2098; x_wconf 88' lang='lat' dir='ltr'>conseia</span> <span class='ocrx_word' id='word_1_74' title='bbox 1043 2022 1157 2096; x_wconf 84' lang='lat' dir='ltr'>corda</span> <span class='ocrx_word' id='word_1_75' title='bbox 1172 2021 1285 2123; x_wconf 85' lang='lat' dir='ltr'>gerit.</span> 
     </span>
    </p>

    <p class='ocr_par' dir='ltr' id='par_1_8' title="bbox 426 2126 1364 2336">
     <span class='ocr_line' id='line_1_14' title="bbox 426 2126 1364 2228; baseline 0 -26"><span class='ocrx_word' id='word_1_76' title='bbox 426 2126 523 2219; x_wconf 86' lang='lat' dir='ltr'>Nec,</span> <span class='ocrx_word' id='word_1_77' title='bbox 541 2127 630 2220; x_wconf 81' lang='lat' dir='ltr'>licet</span> <span class='ocrx_word' id='word_1_78' title='bbox 647 2127 717 2202; x_wconf 84' lang='lat' dir='ltr'>hae</span> <span class='ocrx_word' id='word_1_79' title='bbox 735 2128 849 2203; x_wconf 88' lang='lat' dir='ltr'>celeri</span> <span class='ocrx_word' id='word_1_80' title='bbox 866 2139 1042 2228; x_wconf 80' lang='lat' dir='ltr'>properet</span> <span class='ocrx_word' id='word_1_81' title='bbox 1058 2128 1181 2203; x_wconf 84' lang='lat' dir='ltr'>vitare</span> <span class='ocrx_word' id='word_1_82' title='bbox 1199 2128 1364 2220; x_wconf 79' lang='lat' dir='ltr'>triremi,</span> 
     </span>
     <span class='ocr_line' id='line_1_15' title="bbox 530 2232 1352 2336; baseline 0 -26"><span class='ocrx_word' id='word_1_83' title='bbox 530 2237 608 2310; x_wconf 81' lang='lat' dir='ltr'>Aut</span> <span class='ocrx_word' id='word_1_84' title='bbox 626 2232 753 2336; x_wconf 84' lang='lat' dir='ltr'>fugiat</span> <span class='ocrx_word' id='word_1_85' title='bbox 769 2259 883 2311; x_wconf 90' lang='lat' dir='ltr'>cursu</span> <span class='ocrx_word' id='word_1_86' title='bbox 900 2235 1223 2336; x_wconf 85' lang='lat' dir='ltr'>quadrupedantis</span> <span class='ocrx_word' id='word_1_87' title='bbox 1242 2236 1352 2334; x_wconf 69' lang='lat' dir='ltr'>equi,</span> 
     </span>
    </p>

    <p class='ocr_par' dir='ltr' id='par_1_9' title="bbox 426 2341 1535 2551">
     <span class='ocr_line' id='line_1_16' title="bbox 426 2341 1535 2445; baseline 0.002 -29"><span class='ocrx_word' id='word_1_88' title='bbox 426 2341 472 2417; x_wconf 91' lang='lat' dir='ltr'>Se</span> <span class='ocrx_word' id='word_1_89' title='bbox 490 2353 617 2417; x_wconf 89' lang='lat' dir='ltr'>tamen</span> <span class='ocrx_word' id='word_1_90' title='bbox 636 2353 750 2440; x_wconf 89' lang='lat' dir='ltr'>atque</span> <span class='ocrx_word' id='word_1_91' title='bbox 768 2355 933 2437; x_wconf 89' lang='lat' dir='ltr'>metum,</span> <span class='ocrx_word' id='word_1_92' title='bbox 950 2344 1069 2420; x_wconf 87' lang='lat' dir='ltr'>tacito</span> <span class='ocrx_word' id='word_1_93' title='bbox 1088 2369 1203 2441; x_wconf 91' lang='lat' dir='ltr'>quem</span> <span class='ocrx_word' id='word_1_94' title='bbox 1219 2354 1373 2445; x_wconf 82' lang='lat' dir='ltr'>pectore</span> <span class='ocrx_word' id='word_1_95' title='bbox 1392 2357 1535 2443; x_wconf 82' lang='lat' dir='ltr'>gestat,</span> 
     </span>
     <span class='ocr_line' id='line_1_17' title="bbox 528 2448 1257 2551; baseline 0.004 -27"><span class='ocrx_word' id='word_1_96' title='bbox 528 2448 687 2543; x_wconf 84' lang='lat' dir='ltr'><strong>Infelix,</strong></span> <span class='ocrx_word' id='word_1_97' title='bbox 705 2476 877 2547; x_wconf 89' lang='lat' dir='ltr'>unquam</span> <span class='ocrx_word' id='word_1_98' title='bbox 895 2450 1105 2527; x_wconf 81' lang='lat' dir='ltr'>deseruisse</span> <span class='ocrx_word' id='word_1_99' title='bbox 1122 2462 1257 2551; x_wconf 86' lang='lat' dir='ltr'>potest.</span> 
     </span>
    </p>

    <p class='ocr_par' dir='ltr' id='par_1_10' title="bbox 424 2557 1395 2770">
     <span class='ocr_line' id='line_1_18' title="bbox 424 2557 1395 2658; baseline 0.002 -25"><span class='ocrx_word' id='word_1_100' title='bbox 424 2557 599 2658; x_wconf 79' lang='lat' dir='ltr'>Purpura</span> <span class='ocrx_word' id='word_1_101' title='bbox 616 2557 649 2632; x_wconf 86' lang='lat' dir='ltr'>si</span> <span class='ocrx_word' id='word_1_102' title='bbox 664 2570 828 2655; x_wconf 81' lang='lat' dir='ltr'>nequeat</span> <span class='ocrx_word' id='word_1_103' title='bbox 844 2582 977 2636; x_wconf 82' lang='lat' dir='ltr'>saevos</span> <span class='ocrx_word' id='word_1_104' title='bbox 995 2557 1114 2634; x_wconf 90' lang='lat' dir='ltr'>lenire</span> <span class='ocrx_word' id='word_1_105' title='bbox 1132 2560 1296 2651; x_wconf 80' lang='lat' dir='ltr'>dolores,</span> <span class='ocrx_word' id='word_1_106' title='bbox 1393 2615 1395 2621; x_wconf 27' lang='grc' dir='ltr'><strong><em>ι</em></strong></span> 
     </span>
     <span class='ocr_line' id='line_1_19' title="bbox 530 2664 1307 2770; baseline 0.001 -29"><span class='ocrx_word' id='word_1_107' title='bbox 530 2664 569 2741; x_wconf 90' lang='lat' dir='ltr'>Si</span> <span class='ocrx_word' id='word_1_108' title='bbox 587 2688 662 2742; x_wconf 88' lang='lat' dir='ltr'>non</span> <span class='ocrx_word' id='word_1_109' title='bbox 677 2677 720 2740; x_wconf 86' lang='lat' dir='ltr'>et</span> <span class='ocrx_word' id='word_1_110' title='bbox 735 2665 1030 2770; x_wconf 77' lang='lat' dir='ltr'>phrygiis-saxa</span> <span class='ocrx_word' id='word_1_111' title='bbox 1048 2664 1167 2741; x_wconf 77' lang='lat' dir='ltr'>recisa</span> <span class='ocrx_word' id='word_1_112' title='bbox 1184 2666 1307 2769; x_wconf 82' lang='lat' dir='ltr'>iugis,</span> 
     </span>
    </p>

    <p class='ocr_par' dir='ltr' id='par_1_11' title="bbox 424 2771 1312 2982">
     <span class='ocr_line' id='line_1_20' title="bbox 424 2771 1312 2874; baseline 0.003 -27"><span class='ocrx_word' id='word_1_113' title='bbox 424 2771 463 2847; x_wconf 91' lang='lat' dir='ltr'>Si</span> <span class='ocrx_word' id='word_1_114' title='bbox 480 2797 556 2848; x_wconf 89' lang='lat' dir='ltr'>non</span> <span class='ocrx_word' id='word_1_115' title='bbox 572 2772 802 2850; x_wconf 86' lang='lat' dir='ltr'>imminuant</span> <span class='ocrx_word' id='word_1_116' title='bbox 817 2775 1014 2851; x_wconf 76' lang='lat' dir='ltr'>mordaces</span> <span class='ocrx_word' id='word_1_117' title='bbox 1032 2784 1184 2874; x_wconf 88' lang='lat' dir='ltr'>pectore</span> <span class='ocrx_word' id='word_1_118' title='bbox 1201 2799 1312 2850; x_wconf 80' lang='lat' dir='ltr'>curae</span> 
     </span>
     <span class='ocr_line' id='line_1_21' title="bbox 530 2881 1308 2982; baseline -0.003 -25"><span class='ocrx_word' id='word_1_119' title='bbox 530 2881 722 2974; x_wconf 84' lang='lat' dir='ltr'>Caecuba,</span> <span class='ocrx_word' id='word_1_120' title='bbox 741 2905 809 2958; x_wconf 89' lang='lat' dir='ltr'>nec</span> <span class='ocrx_word' id='word_1_121' title='bbox 826 2883 921 2958; x_wconf 81' lang='lat' dir='ltr'>ocati</span> <span class='ocrx_word' id='word_1_122' title='bbox 938 2881 972 2956; x_wconf 80' lang='lat' dir='ltr'>si</span> <span class='ocrx_word' id='word_1_123' title='bbox 989 2881 1177 2982; x_wconf 84' lang='lat' dir='ltr'>pretiosus</span> <span class='ocrx_word' id='word_1_124' title='bbox 1195 2882 1308 2956; x_wconf 91' lang='lat' dir='ltr'>odor:</span> 
     </span>
    </p>

    <p class='ocr_par' dir='ltr' id='par_1_12' title="bbox 422 2987 1409 3199">
     <span class='ocr_line' id='line_1_22' title="bbox 422 2987 1409 3093; baseline -0.001 -29"><span class='ocrx_word' id='word_1_125' title='bbox 422 2987 498 3064; x_wconf 85' lang='lat' dir='ltr'>Cur</span> <span class='ocrx_word' id='word_1_126' title='bbox 516 3015 589 3093; x_wconf 85' lang='lat' dir='ltr'>ego</span> <span class='ocrx_word' id='word_1_127' title='bbox 605 2989 806 3082; x_wconf 71' lang='lat' dir='ltr'>sublimes,</span> <span class='ocrx_word' id='word_1_128' title='bbox 825 2989 957 3067; x_wconf 82' lang='lat' dir='ltr'>solitae</span> <span class='ocrx_word' id='word_1_129' title='bbox 975 3014 1127 3088; x_wconf 88' lang='lat' dir='ltr'>quoque</span> <span class='ocrx_word' id='word_1_130' title='bbox 1145 2988 1282 3065; x_wconf 89' lang='lat' dir='ltr'>moliar</span> <span class='ocrx_word' id='word_1_131' title='bbox 1298 2990 1409 3064; x_wconf 80' lang='lat' dir='ltr'>aedae</span> 
     </span>
     <span class='ocr_line' id='line_1_23' title="bbox 527 3096 1290 3199; baseline 0 -27"><span class='ocrx_word' id='word_1_132' title='bbox 527 3096 717 3173; x_wconf 80' lang='lat' dir='ltr'>Invidiam</span> <span class='ocrx_word' id='word_1_133' title='bbox 732 3098 888 3174; x_wconf 87' lang='lat' dir='ltr'>dominc</span> <span class='ocrx_word' id='word_1_134' title='bbox 906 3122 1018 3199; x_wconf 82' lang='lat' dir='ltr'>saepe</span> <span class='ocrx_word' id='word_1_135' title='bbox 1037 3097 1133 3173; x_wconf 88' lang='lat' dir='ltr'>ciere</span> <span class='ocrx_word' id='word_1_136' title='bbox 1151 3100 1250 3174; x_wconf 82' lang='lat' dir='ltr'>suo‘l</span> <span class='ocrx_word' id='word_1_137' title='bbox 1286 3169 1290 3181; x_wconf 88' lang='grc'><em>,</em></span> 
     </span>
    </p>

    <p class='ocr_par' dir='ltr' id='par_1_13' title="bbox 421 3202 1470 3411">
     <span class='ocr_line' id='line_1_24' title="bbox 421 3202 1178 3305; baseline 0 -26"><span class='ocrx_word' id='word_1_138' title='bbox 421 3202 542 3279; x_wconf 84' lang='lat' dir='ltr'>Eccur</span> <span class='ocrx_word' id='word_1_139' title='bbox 559 3204 713 3281; x_wconf 87' lang='lat' dir='ltr'>divitias</span> <span class='ocrx_word' id='word_1_140' title='bbox 732 3230 906 3305; x_wconf 81' lang='lat' dir='ltr'>operosas</span> <span class='ocrx_word' id='word_1_141' title='bbox 923 3206 1026 3282; x_wconf 83' lang='lat' dir='ltr'>valle</span> <span class='ocrx_word' id='word_1_142' title='bbox 1044 3204 1178 3280; x_wconf 88' lang='lat' dir='ltr'>sabina</span> 
     </span>
     <span class='ocr_line' id='line_1_25' title="bbox 526 3312 1470 3411; baseline -0.002 -22"><span class='ocrx_word' id='word_1_143' title='bbox 526 3314 777 3389; x_wconf 78' lang='lat' dir='ltr'>Permutem‘?</span> <span class='ocrx_word' id='word_1_144' title='bbox 795 3316 945 3393; x_wconf 85' lang='lat' dir='ltr'>modico</span> <span class='ocrx_word' id='word_1_145' title='bbox 959 3313 998 3389; x_wconf 82' lang='lat' dir='ltr'>ei</span> <span class='ocrx_word' id='word_1_146' title='bbox 1014 3312 1105 3389; x_wconf 81' lang='lat' dir='ltr'>satie</span> <span class='ocrx_word' id='word_1_147' title='bbox 1122 3336 1243 3411; x_wconf 82' lang='lat' dir='ltr'>usque</span> <span class='ocrx_word' id='word_1_148' title='bbox 1263 3316 1363 3389; x_wconf 84' lang='lat' dir='ltr'>beor.</span> <span class='ocrx_word' id='word_1_149' title='bbox 1467 3321 1470 3327; x_wconf 87' lang='lat'>&#39;</span> 
     </span>
    </p>
   </div>
   <div class='ocr_carea' id='block_1_2' title="bbox 896 3602 1108 3621">
    <p class='ocr_par' dir='ltr' id='par_1_14' title="bbox 896 3602 1108 3621">
     <span class='ocr_line' id='line_1_26' title="bbox 896 3602 1108 3621; baseline 0 -2"><span class='ocrx_word' id='word_1_150' title='bbox 896 3602 1108 3621; x_wconf 53' lang='lat' dir='ltr'>m</span> 
     </span>
    </p>
   </div>
   <div class='ocr_carea' id='block_1_3' title="bbox 649 3850 1372 4159">
    <p class='ocr_par' dir='ltr' id='par_1_15' title="bbox 649 3850 1372 4159">
     <span class='ocr_line' id='line_1_27' title="bbox 808 3850 1202 3955; baseline 0 -20"><span class='ocrx_word' id='word_1_151' title='bbox 808 3850 1009 3955; x_wconf 69' lang='lat' dir='ltr'>Elegia</span> <span class='ocrx_word' id='word_1_152' title='bbox 1028 3852 1202 3937; x_wconf 71' lang='lat' dir='ltr'>xvss.</span> 
     </span>
     <span class='ocr_line' id='line_1_28' title="bbox 649 4067 1372 4159; baseline -0.008 -16"><span class='ocrx_word' id='word_1_153' title='bbox 649 4067 875 4159; x_wconf 62' lang='lat' dir='ltr'>nonarius</span> <span class='ocrx_word' id='word_1_154' title='bbox 894 4072 931 4141; x_wconf 82' lang='lat' dir='ltr'>L.</span> <span class='ocrx_word' id='word_1_155' title='bbox 953 4071 1016 4141; x_wconf 88' lang='lat'><em>111.</em></span> <span class='ocrx_word' id='word_1_156' title='bbox 1037 4069 1128 4141; x_wconf 71' lang='lat' dir='ltr'>Orias</span> <span class='ocrx_word' id='word_1_157' title='bbox 1145 4071 1209 4145; x_wconf 68' lang='lat'>24.</span> <span class='ocrx_word' id='word_1_158' title='bbox 1225 4068 1372 4141; x_wconf 69' lang='lat' dir='ltr'>Horum.</span> 
     </span>
    </p>
   </div>
   <div class='ocr_carea' id='block_1_4' title="bbox 415 4233 1586 5115">
    <p class='ocr_par' dir='ltr' id='par_1_16' title="bbox 415 4233 1586 5115">
     <span class='ocr_line' id='line_1_29' title="bbox 418 4233 1271 4366; baseline -0.001 -26"><span class='ocrx_word' id='word_1_159' title='bbox 418 4233 571 4348; x_wconf 72' lang='lat' dir='ltr'>intactis</span> <span class='ocrx_word' id='word_1_160' title='bbox 590 4260 705 4341; x_wconf 84' lang='lat' dir='ltr'>fueris</span> <span class='ocrx_word' id='word_1_161' title='bbox 722 4265 899 4362; x_wconf 84' lang='lat' dir='ltr'>quamvis</span> <span class='ocrx_word' id='word_1_162' title='bbox 917 4264 1131 4366; x_wconf 88' lang='lat' dir='ltr'>opulentior</span> <span class='ocrx_word' id='word_1_163' title='bbox 1148 4257 1271 4356; x_wconf 77' lang='lat' dir='ltr'>Indis,</span> 
     </span>
     <span class='ocr_line' id='line_1_30' title="bbox 523 4371 1350 4471; baseline -0.001 -25"><span class='ocrx_word' id='word_1_164' title='bbox 523 4372 785 4471; x_wconf 86' lang='lat' dir='ltr'>Appulicoque</span> <span class='ocrx_word' id='word_1_165' title='bbox 802 4384 928 4449; x_wconf 84' lang='lat' dir='ltr'>struas</span> <span class='ocrx_word' id='word_1_166' title='bbox 946 4371 1096 4451; x_wconf 89' lang='lat' dir='ltr'>moenia</span> <span class='ocrx_word' id='word_1_167' title='bbox 1114 4382 1224 4447; x_wconf 74' lang='lat' dir='ltr'>vasta</span> <span class='ocrx_word' id='word_1_168' title='bbox 1242 4371 1350 4445; x_wconf 85' lang='lat' dir='ltr'>muri.</span> 
     </span>
     <span class='ocr_line' id='line_1_31' title="bbox 418 4478 1313 4572; baseline 0 -17"><span class='ocrx_word' id='word_1_169' title='bbox 418 4478 618 4555; x_wconf 86' lang='lat' dir='ltr'>Immineat</span> <span class='ocrx_word' id='word_1_170' title='bbox 635 4479 769 4556; x_wconf 83' lang='lat' dir='ltr'>mortis</span> <span class='ocrx_word' id='word_1_171' title='bbox 787 4481 861 4557; x_wconf 87' lang='lat' dir='ltr'><strong>tibi</strong></span> <span class='ocrx_word' id='word_1_172' title='bbox 878 4479 910 4555; x_wconf 85' lang='lat' dir='ltr'>si</span> <span class='ocrx_word' id='word_1_173' title='bbox 926 4482 991 4559; x_wconf 89' lang='lat' dir='ltr'>lex</span> <span class='ocrx_word' id='word_1_174' title='bbox 1010 4480 1154 4572; x_wconf 83' lang='lat' dir='ltr'>ferrea,</span> <span class='ocrx_word' id='word_1_175' title='bbox 1172 4478 1313 4555; x_wconf 90' lang='lat' dir='ltr'>collum</span> 
     </span>
     <span class='ocr_line' id='line_1_32' title="bbox 522 4584 1416 4685; baseline -0.002 -24"><span class='ocrx_word' id='word_1_176' title='bbox 522 4584 608 4662; x_wconf 88' lang='lat' dir='ltr'>Non</span> <span class='ocrx_word' id='word_1_177' title='bbox 624 4587 762 4685; x_wconf 89' lang='lat' dir='ltr'>laqueo</span> <span class='ocrx_word' id='word_1_178' title='bbox 780 4588 923 4682; x_wconf 71' lang='lat' dir='ltr'>solveS,</span> <span class='ocrx_word' id='word_1_179' title='bbox 940 4614 1016 4665; x_wconf 91' lang='lat' dir='ltr'>non</span> <span class='ocrx_word' id='word_1_180' title='bbox 1035 4588 1281 4683; x_wconf 88' lang='lat' dir='ltr'>animumque</span> <span class='ocrx_word' id='word_1_181' title='bbox 1300 4596 1416 4661; x_wconf 91' lang='lat' dir='ltr'>metu.</span> 
     </span>
     <span class='ocr_line' id='line_1_33' title="bbox 417 4692 1583 4798; baseline -0.005 -27"><span class='ocrx_word' id='word_1_182' title='bbox 417 4694 651 4793; x_wconf 81' lang='lat' dir='ltr'>Campestres</span> <span class='ocrx_word' id='word_1_183' title='bbox 668 4695 805 4772; x_wconf 86' lang='lat' dir='ltr'>melius</span> <span class='ocrx_word' id='word_1_184' title='bbox 822 4695 956 4772; x_wconf 83' lang='lat' dir='ltr'>vixere</span> <span class='ocrx_word' id='word_1_185' title='bbox 973 4696 1240 4798; x_wconf 84' lang='lat' dir='ltr'>Scythaeque,</span> <span class='ocrx_word' id='word_1_186' title='bbox 1256 4692 1468 4788; x_wconf 82' lang='lat' dir='ltr'>Getaeque,</span> <span class='ocrx_word' id='word_1_187' title='bbox 1580 4775 1583 4783; x_wconf 40' lang='grc'>,</span> 
     </span>
     <span class='ocr_line' id='line_1_34' title="bbox 521 4800 1459 4907; baseline -0.006 -29"><span class='ocrx_word' id='word_1_188' title='bbox 521 4800 638 4892; x_wconf 82' lang='lat' dir='ltr'>Queia</span> <span class='ocrx_word' id='word_1_189' title='bbox 655 4828 797 4879; x_wconf 82' lang='lat' dir='ltr'>vexere</span> <span class='ocrx_word' id='word_1_190' title='bbox 813 4829 934 4907; x_wconf 86' lang='lat' dir='ltr'>vagas</span> <span class='ocrx_word' id='word_1_191' title='bbox 952 4803 1111 4879; x_wconf 85' lang='lat' dir='ltr'>stridula</span> <span class='ocrx_word' id='word_1_192' title='bbox 1129 4802 1300 4902; x_wconf 84' lang='lat' dir='ltr'>plaustra</span> <span class='ocrx_word' id='word_1_193' title='bbox 1318 4802 1459 4877; x_wconf 77' lang='lat' dir='ltr'>domoc.</span> 
     </span>
     <span class='ocr_line' id='line_1_35' title="bbox 415 4908 1586 5012; baseline 0 -27"><span class='ocrx_word' id='word_1_194' title='bbox 415 4908 553 4985; x_wconf 88' lang='lat' dir='ltr'>Libera</span> <span class='ocrx_word' id='word_1_195' title='bbox 570 4936 737 5008; x_wconf 88' lang='lat' dir='ltr'>namquo</span> <span class='ocrx_word' id='word_1_196' title='bbox 754 4910 834 4987; x_wconf 89' lang='lat' dir='ltr'><strong>illic</strong></span> <span class='ocrx_word' id='word_1_197' title='bbox 852 4913 1068 5012; x_wconf 86' lang='lat' dir='ltr'>producunt</span> <span class='ocrx_word' id='word_1_198' title='bbox 1085 4910 1220 5011; x_wconf 85' lang='lat' dir='ltr'>iugera</span> <span class='ocrx_word' id='word_1_199' title='bbox 1234 4930 1395 5003; x_wconf 75' lang='lat' dir='ltr'>maceca,</span> <span class='ocrx_word' id='word_1_200' title='bbox 1516 4959 1518 4963; x_wconf 79' lang='lat'><em>.</em></span> <span class='ocrx_word' id='word_1_201' title='bbox 1572 4966 1586 4999; x_wconf 74' lang='lat'>‚·</span> 
     </span>
     <span class='ocr_line' id='line_1_36' title="bbox 521 5018 1478 5115; baseline -0.005 -19"><span class='ocrx_word' id='word_1_202' title='bbox 521 5018 657 5096; x_wconf 75' lang='lat' dir='ltr'>annua</span> <span class='ocrx_word' id='word_1_203' title='bbox 672 5043 770 5115; x_wconf 83' lang='lat' dir='ltr'>quas</span> <span class='ocrx_word' id='word_1_204' title='bbox 788 5021 914 5095; x_wconf 85' lang='lat' dir='ltr'>suevit</span> <span class='ocrx_word' id='word_1_205' title='bbox 932 5044 1025 5095; x_wconf 88' lang='lat' dir='ltr'>cura</span> <span class='ocrx_word' id='word_1_206' title='bbox 1042 5018 1225 5114; x_wconf 87' lang='lat' dir='ltr'>laborque</span> <span class='ocrx_word' id='word_1_207' title='bbox 1238 5018 1352 5111; x_wconf 63' lang='lat' dir='ltr'>dare,</span> <span class='ocrx_word' id='word_1_208' title='bbox 1418 5104 1420 5111; x_wconf 15' lang='lat' dir='ltr'>y</span> <span class='ocrx_word' id='word_1_209' title='bbox 1438 5066 1442 5077; x_wconf 88' lang='lat'>·</span> <span class='ocrx_word' id='word_1_210' title='bbox 1474 5097 1478 5105; x_wconf 59' lang='grc'><em>,</em></span> 
     </span>
    </p>
   </div>
   <div class='ocr_carea' id='block_1_5' title="bbox 0 0 2046 6000">
    <p class='ocr_par' dir='ltr' id='par_1_17' title="bbox 0 0 2046 6000">
     <span class='ocr_line' id='line_1_37' title="bbox 0 0 2046 6000; baseline 0 7"><span class='ocrx_word' id='word_1_211' title='bbox 0 0 2046 6000; x_wconf 95' lang='lat' dir='ltr'> </span> 
     </span>
    </p>
   </div>
  </div>
 </body>
</html>
