4084 6000
953 673 1030 750 les

402 890 461 968 Tu
479 888 575 964 mihi
591 887 793 990 languenti
810 895 920 962 curas
937 896 1096 964 tenuare
1114 887 1279 982 solebas,

508 997 565 1075 Tu
583 1006 722 1097 vegeto
740 1019 863 1070 mores
880 993 1102 1096 ingenerare
1120 998 1269 1094 probos.
1376 1050 1380 1062 .

401 1105 536 1202 Siquid
553 1104 655 1195 erat,
673 1111 763 1178 nato
780 1105 883 1199 quod
901 1102 1044 1204 gaudia
1061 1102 1162 1180 iusta
1180 1114 1349 1196 vetaret,

505 1212 589 1288 Hoc
606 1235 800 1305 remouere
818 1207 892 1287 fuit
910 1234 1002 1286 cura
1018 1209 1203 1306 laborque
1221 1222 1321 1287 tuus.
1383 1258 1391 1292 t

401 1320 534 1417 Siquid
552 1329 653 1411 erat,
671 1329 761 1394 nato
779 1318 882 1414 quod
898 1319 1097 1393 commoda
1116 1329 1218 1396 certe
1236 1330 1407 1419 pararet,

503 1427 588 1502 Hoc
605 1434 674 1501 tua
691 1425 858 1526 providit
877 1450 991 1516 cura,
1009 1423 1193 1522 laborque
1212 1425 1319 1500 mihi.
1465 1441 1468 1446 ·

399 1535 490 1610 Vidi
508 1559 579 1636 ego
597 1529 794 1634 perfirsum
812 1532 998 1625 lacrimis,
1016 1533 1242 1633 gemituque
1259 1543 1505 1624 trementem,

504 1642 661 1717 Viscera
678 1643 771 1716 dum
789 1639 871 1715 nati
889 1640 999 1716 torsit
1016 1665 1147 1716 amara
1166 1638 1292 1717 febris.

398 1749 489 1825 Vidi
506 1751 712 1826 laetantem
730 1773 900 1841 mecum,
917 1747 1118 1848 lepideque
1134 1747 1343 1846 iocantem

503 1856 557 1934 Ut
574 1881 660 1932 mea
678 1856 834 1932 sentires
852 1855 996 1956 gaudia
1014 1881 1110 1956 pene
1128 1866 1207 1933 tua.

396 1964 484 2059 Eia,
503 1990 595 2067 age,
615 1988 699 2041 aare
717 1974 826 2064 pater
841 1965 972 2041 vultus
991 1964 1121 2040 attolle
1139 1963 1323 2061 iacentes3

502 2071 605 2164 Quos
623 2083 691 2147 tua
707 2069 919 2148 deforment
936 2070 1090 2165 funera,
1109 2096 1270 2168 quaeso,
1288 2073 1387 2148 vide.

396 2181 472 2255 En!
492 2180 620 2256 miseri
639 2179 781 2281 stipant
799 2179 936 2255 misero
954 2181 1138 2282 plangore
1157 2178 1340 2256 feretrum
1456 2217 1459 2228 .

501 2287 650 2364 Coniux
668 2295 706 2363 et
722 2298 867 2388 septem
884 2287 1047 2389 pignora
1064 2311 1152 2364 cara
1168 2298 1290 2364 tuum.

395 2395 544 2470 Horum
561 2394 644 2469 vita
660 2405 769 2471 tuam
786 2393 907 2496 vitam
925 2395 1141 2472 miseranda
1158 2395 1338 2495 reposcit:

500 2502 656 2602 Aspice,
673 2527 790 2599 quam
808 2503 940 2578 multis
959 2515 1103 2580 maesta
1120 2501 1255 2580 favilla
1272 2502 1390 2578 iaces!

396 2610 427 2686 Ο
445 2609 644 2686 hominum
662 2612 799 2686 duram
817 2621 976 2705 sortem,
993 2611 1190 2708 vitamque
1209 2609 1406 2711 fugacem!
1476 2608 1480 2616 ’

499 2717 532 2794 Ο
549 2743 633 2818 spes
653 2715 829 2810 fallaces,
847 2719 991 2820 gaudia
1008 2744 1108 2794 vana
1125 2717 1258 2794 nimis!
1402 2791 1405 2796 .

394 2823 613 2919 Nascimur,
631 2835 670 2901 et
687 2825 874 2901 morimur
884 2857 893 2923 3
903 2825 1118 2903 miscentur
1135 2825 1279 2927 gaudia
1295 2827 1413 2906 luctu.

498 2933 590 3009 Vita
608 2933 704 3031 quid
720 2933 845 3009 haeo‘l
865 2932 937 3009 nisi
955 2959 1061 3034 spes,
1080 2933 1314 3026 sollicitudo,
1332 2933 1449 3013 labar.

393 3040 453 3117 Sic
472 3040 663 3118 evanescit
678 3042 804 3118 tenuis
822 3067 893 3117 ceu
910 3040 1039 3118 fumus
1057 3053 1096 3117 et
1114 3046 1271 3132 umbra,
1389 3098 1391 3105 ,

448 3217 451 3222 ,
496 3149 546 3224 Et
564 3161 731 3250 praeter,
749 3149 1005 3225 veluti-missa
1023 3150 1183 3252 sagitta,
1201 3150 1317 3225 volet.

392 3254 518 3353 thue
536 3281 642 3333 rosae
661 3268 811 3334 tenerae
829 3258 1049 3353 brevisxest,
1065 3269 1106 3341 et
1124 3257 1205 3333 vita
1223 3258 1386 3353 caduca,

494 3363 644 3442 Gaudia
660 3364 714 3441 sie
731 3377 891 3465 pereunt
907 3365 1065 3466 ipsaque
1082 3366 1165 3441 vita
1183 3364 1267 3442 cito.

390 3472 514 3569 Atque
531 3471 700 3565 utinam,
719 3482 762 3548 ut
779 3484 882 3548 certa
899 3484 957 3548 est
973 3473 1107 3553 mortis
1124 3474 1210 3565 lert,
1227 3484 1377 3571 tempus
1396 3480 1433 3545 et
1450 3468 1574 3568 ipsum

495 3576 579 3655 Non
596 3580 723 3657 minus
740 3580 912 3681 ignores,
930 3607 1007 3678 quo
1026 3582 1208 3672 moriare,
1226 3581 1394 3657 modum.

391 3686 458 3763 Ast
475 3686 569 3763 heul
588 3699 741 3763 aeterna
757 3689 853 3764 latet
869 3689 942 3764 hoc
961 3688 1126 3790 caligine
1144 3697 1307 3763 tectum:

494 3792 579 3888 Quo
596 3795 670 3871 tibi
687 3795 736 3870 sit
753 3821 867 3871 curae
883 3796 1041 3891 vitaque
1059 3819 1236 3891 morsque
1255 3792 1389 3895 magis.

390 3900 549 3983 Felices!
567 3903 707 4000 quibus
724 3903 824 3980 hanc
843 3928 1058 4004 supremam
1076 3900 1232 3979 nunciat
1247 3902 1383 3979 horam

495 4010 704 4087 Succedens
721 4010 839 4087 tacito
857 4036 977 4087 curva
994 4020 1142 4087 senecta
1160 4012 1266 4111 pede,

389 4116 462 4195 Sed
478 4118 628 4194 validae
645 4129 784 4219 vegeto
803 4120 895 4195 dum
912 4128 1015 4193 stant
1032 4118 1073 4193 in
1092 4142 1248 4218 corpore
1262 4116 1386 4208 vires,
1434 4136 1437 4145 ’
1537 4132 1543 4149 ’
1565 4208 1566 4213 ¹

493 4226 594 4306 Dum
611 4225 735 4320 vitae,
751 4237 790 4304 et
807 4226 908 4301 veris
928 4226 1071 4328 gaudia
1088 4250 1185 4326 pura
1202 4224 1319 4326 legis3

386 4330 520 4423 Quove
539 4331 637 4409 feras
656 4334 785 4409 oeulos
804 4335 897 4410 dum
915 4334 1059 4411 circum
1076 4344 1114 4409 te
1132 4331 1260 4411 omnio
1277 4334 1432 4411 florent:
1530 4342 1540 4411 ’.

492 4439 617 4532 Quam
634 4440 817 4519 miserum
834 4451 892 4517 ost
909 4441 986 4517 leto
1003 4441 1279 4542 praecipitante
1297 4438 1399 4540 rapi!

387 4546 469 4623 Hoc
488 4559 567 4640 est,
586 4573 671 4623 care
689 4560 816 4649 pater,
834 4560 943 4625 natos
960 4552 1064 4646 quod
1083 4548 1255 4626 acerbius
1274 4547 1372 4639 urit,

490 4654 605 4732 Mista
619 4655 696 4755 piis
713 4655 881 4733 lacrimis
899 4655 988 4733 inde
1006 4657 1161 4753 querela
1178 4656 1265 4733 ruit.
1346 4690 1351 4699 «
1428 4693 1433 4701 ·

385 4762 506 4839 Triste
523 4763 680 4861 quidem
697 4764 913 4841 meminisse
930 4763 1027 4841 mihi
1046 4775 1128 4858 est,
1140 4774 1178 4841 et
1195 4762 1342 4870 tristius
1359 4760 1472 4839 illum'
1481 4774 1493 4853 ',
1525 4774 1546 4785 ··
1578 4827 1580 4833 ,

490 4866 566 4961 Qui
583 4871 711 4975 rapuit
728 4871 837 4947 nobis
855 4883 893 4947 te
903 4872 1282 4966 ,memorare1diem3
1307 4869 1310 4882 ’

385 4977 578 5079 Attamcp,
595 4990 641 5054 ut
656 4980 1117 5087 meruit,pullosignabo
1134 4973 1273 5055 colore:
1354 5016 1357 5021 ·
1395 5015 1402 5057 .·
1451 5014 1454 5022 ·
1491 5016 1500 5021 ¹*
1533 4956 1558 5059 ,⁴

441 5146 456 5179 ,
489 5083 544 5160 Ut
562 5084 798 5186 vitamquid
814 5088 865 5164 sit
882 5087 1033 5187 vivere,
1052 5087 1214 5187 quisque
1232 5094 1346 5181 notet.
1427 5154 1435 5166 .
