4084 6000
1030 595 1107 672 210

359 795 363 806 ’
434 808 505 885 Oui
522 807 647 884 fueras
666 831 782 882 annos
802 831 923 899 carus,
941 807 1003 882 cui
1021 818 1171 908 pectore
1189 818 1267 885 toto

434 916 492 991 Tu
510 917 651 1017 pariter
669 917 827 989 devotus
845 939 948 991 eras:
968 927 1005 990 te
1025 916 1150 1016 gratia
1167 927 1295 992 nostra

433 1024 601 1100 Candida
619 1020 779 1098 deduxit
795 1033 965 1098 tenerum
983 1048 1051 1122 per
1067 1023 1149 1098 lilia
1166 1025 1286 1118 vitae,

432 1129 604 1206 Nutrivit
621 1155 800 1231 puerum,
820 1141 1047 1206 crescentem
1065 1128 1162 1206 fovit
1180 1133 1396 1231 alumnum,

433 1239 523 1313 Inde
541 1239 614 1314 tibi
632 1262 809 1338 superum
828 1239 936 1336 proni
953 1261 1089 1314 venere
1108 1237 1276 1332 favores,

434 1347 522 1420 Inde
540 1347 751 1421 hominum.
769 1345 898 1420 Musae
918 1344 1046 1420 faciles
1064 1345 1136 1420 tibi
1154 1357 1299 1421 nectere
1318 1358 1435 1440 serta,

433 1452 482 1528 Et
499 1455 688 1547 Phoebus,
706 1453 908 1548 Pallasque
927 1463 1042 1553 caput
1058 1452 1299 1554 praecingere
1318 1453 1434 1529 lauris

431 1561 522 1636 Inde
540 1572 650 1637 tuum
668 1571 879 1661 properant.
900 1559 939 1636 Si
957 1587 1034 1635 non
1050 1560 1121 1636 tibi
1136 1561 1303 1661 praemia
1319 1574 1426 1638 tanta

433 1668 529 1744 Sunt
547 1668 662 1761 cordi,
680 1667 751 1744 tibi
768 1667 926 1767 pulcher
944 1669 1077 1761 honor,
1094 1669 1237 1744 viden‘l
1257 1670 1383 1768 ampla
1400 1673 1558 1770 parabat

432 1776 617 1869 Oulmina,
636 1775 783 1868 virtuti,
801 1775 946 1851 meritis
966 1799 1116 1872 quoque
1136 1776 1283 1851 debita:
1303 1776 1412 1852 factis

431 1883 514 1984 Ipse
531 1884 589 1958 tui
606 1893 754 1984 poteras
771 1883 919 1984 generis
938 1907 1148 1986 nomenque
1166 1886 1353 1980 decusque
1554 1915 1558 1923 ·

432 1995 596 2091 Augere,
615 2001 651 2066 et
635 1989 801 2066 tmerita
819 1991 1018 2090 praeconia
1037 2016 1198 2113 carpere·
1209 1989 1342 2066 f.amae

431 2097 480 2173 Et
498 2108 616 2194 quant
618 2124 684 2174 um
701 2096 816 2172 fuerit
834 2097 990 2173 foeda
962 2124 1040 2173 sine
1058 2100 1143 2174 labe
1160 2098 1323 2174 virentes

400 2297 405 2306 ¹
430 2203 614 2306 Exegisse
634 2205 712 2281 dies
729 2215 786 2280 vit
759 2204 849 2280 'tael
868 2231 943 2281 non
961 2217 1112 2306 pectora
1129 2207 1249 2306 culpis

430 2313 589 2414 Urgeri!
608 2324 794 2411 quantum
813 2339 921 2388 carae
940 2314 1171 2413 patriaeque,
1187 2313 1338 2410 tuisque

431 2421 597 2514 Consilii,
616 2432 653 2496 et
669 2447 796 2496 rerum
814 2435 1009 2522 gestarum
1026 2447 1198 2522 promere
1216 2419 1379 2497 fructus!

432 2480 623 2623 Flecteris
642 2540 680 2605 et
695 2530 869 2628 precibus
888 2529 1111 2604 mollescunt
1128 2539 1280 2628 pectora
1298 2499 1466 2604 hostris‘l

430 2639 510 2712 Aut
527 2588 631 2713 sedai
648 2637 737 2712 hine
756 2647 888 2738 coepto
905 2640 1100 2713 decurrere
1119 2637 1300 2711 tramite?
1319 2660 1457 2737 perge,

431 2745 564 2846 Perge,
582 2747 729 2821 sedt
665 2754 729 2819 ant
731 2770 751 2817 e
769 2743 868 2836 vide,
887 2768 1003 2841 quam
1020 2745 1149 2844 pergis
1167 2744 1310 2836 vivere,
1327 2744 1470 2818 circum

430 2849 505 2943 Qui
525 2852 680 2954 cingant
696 2851 828 2944 vitam,
846 2802 1072 2926 famulatrix
1089 2855 1215 2944 turba,
1233 2852 1389 2926 dolores.

536 2959 712 3060 Aspicis?
731 2958 820 3035 hinc
839 2962 989 3035 morbos
999 2984 1148 3061 ,genus
1167 2984 1273 3053 acre,
1290 2969 1334 3036 ut
1352 2957 1563 3057 squalleat
1552 2966 1697 3033 instans

431 3066 695 3164 Tartareisque
713 3064 824 3141 ferox
841 3065 1008 3161 facibus,
1027 3070 1253 3164 demensque
1271 3065 1414 3161 furore,

431 3175 529 3249 Alba
546 3175 722 3275 phthisis,
739 3173 937 3274 turpisque
955 3175 1126 3275 elephas,
1144 3201 1188 3251 ac
1206 3176 1310 3250 lenta
1326 3178 1513 3277 podagra,

430 3282 479 3357 Et
496 3284 658 3357 tremula
676 3282 819 3358 incerto
838 3280 954 3357 febris
972 3282 1167 3358 variabilis
1185 3294 1301 3359 aestu.

432 3389 575 3465 Debilis
593 3390 679 3464 inde
697 3389 798 3490 riget
816 3388 949 3465 mortis
968 3399 1130 3489 cognata
1148 3400 1317 3465 senectus
1437 3429 1447 3437 ·

431 3499 528 3572 Ante
546 3497 646 3572 diem
665 3497 784 3571 accita
802 3506 840 3570 et
857 3497 997 3572 vitreos
1016 3495 1164 3571 assueta
1180 3522 1247 3597 per
1265 3500 1372 3573 orbes

431 3604 580 3681 Imbelli
596 3606 746 3705 plantas
764 3604 873 3679 oculo
890 3602 1043 3679 firmare
1061 3606 1239 3679 caducas:

433 3712 588 3809 Statque
606 3713 783 3787 humeros
801 3722 992 3795 contracta
1009 3715 1155 3804 breves,
1173 3710 1384 3807 faciemque
1402 3718 1555 3810 perusta

430 3820 597 3895 Horrida
614 3820 799 3921 crinigero
817 3820 1022 3895 silvescunt
1039 3830 1211 3919 tempora
1227 3828 1364 3895 mento.
1450 3893 1452 3899 ,

430 3928 661 4003 Maestarum
679 3927 791 4002 iuxta
809 3952 984 4002 curarum
1003 3926 1210 4002 effunditur
1228 3951 1381 4027 agmen,

431 4033 571 4109 Infelix
592 4035 746 4135 agmen!
765 4034 901 4135 vigiles
919 4038 1117 4111 traducere
1135 4044 1276 4129 noctes,

431 4142 596 4217 lnsomni
613 4145 811 4217 adsuetum
830 4141 971 4235 studio,
988 4142 1232 4242 placidaeque
1251 4139 1388 4238 quietis

431 4249 635 4350 Impatiens
653 4274 819 4349 pressam
836 4249 1014 4351 iugulare
1031 4250 1072 4323 in
1090 4275 1243 4349 corpore
1260 4260 1435 4330 mentem.

355 4353 359 4361 ‘
431 4358 482 4435 Et
499 4357 664 4458 gemitus
682 4358 880 4453 luctusque
898 4359 976 4431 alto
996 4358 1157 4457 suspiria
1173 4360 1314 4435 ducens

431 4466 567 4541 Fracta
585 4464 732 4558 animo,
749 4466 872 4541 lacero
892 4464 1090 4539 discissum
1106 4475 1235 4565 pectus
1254 4463 1413 4562 amictu3

433 4572 621 4651 Gaesaries
638 4573 793 4673 impexa
809 4573 920 4674 riget,
938 4572 1179 4649 lacrimabilis
1198 4572 1290 4661 atris

433 4680 566 4757 Obsita
584 4680 686 4756 frons
703 4680 871 4773 nebulis,
887 4689 968 4755 toto
986 4682 1090 4756 sedet
1107 4681 1241 4756 horror
1258 4680 1299 4755 in
1316 4703 1391 4753 ore.

431 4790 518 4888 Ipsa
535 4788 741 4865 tenebrosis
759 4798 960 4889 paupertas
977 4799 1069 4864 nata
1084 4791 1155 4865 sub
1173 4787 1289 4865 antris

428 4897 467 4993 ¹It
485 4920 618 4989 comae,
636 4896 872 4993 investesque
891 4895 1009 4989 sinus,
1028 4906 1066 4971 et
1081 4907 1233 4995 pectora
1250 4897 1353 4970 nuda

431 5002 513 5080 Vix
529 5010 642 5105 rupto
660 5013 814 5083 centone
831 5002 950 5106 tegit3
966 5027 1061 5081 cava
1077 5003 1223 5081 lumina
1239 5000 1340 5077 tristi
