4084 6000
924 671 997 746 189

854 785 940 793 ..-..-
970 787 976 792 .
1004 785 1065 793 ...-

326 886 417 960 lnde
436 885 512 959 tuis
531 884 805 959 studiis'virtus
825 893 1032 958 succrescet
1050 883 1190 974 amica,

326 991 432 1081 Quae
451 993 574 1066 tristes
593 991 710 1065 animi
729 993 851 1065 nubes·
866 991 1051 1086 sortisque
1069 991 1241 1066 sinistrae

325 1100 414 1175 Tela
433 1110 564 1198 potens
582 1098 696 1184 armis
716 1099 830 1174 elidet
847 1096 1029 1172 fortibus:
1047 1098 1135 1173 inde

324 1207 470 1282 Blanda
488 1207 594 1303 quies
613 1218 766 1280 cunctos
786 1204 932 1280 afflabit
950 1205 1102 1280 numine
1121 1230 1226 1282 sacro

325 1351 451 1424 Annos
471 1348 650 1443 obsequio
670 1309 811 1422 civium
830 1347 1049 1445 patriaeque
1068 1348 1266 1424 dicandos:

324 1455 492 1531 Nominis
511 1457 597 1529 inde
616 1456 674 1528 tui
693 1456 867 1554 splendor
887 1453 1085 1550 famaeque
1104 1480 1266 1553 perenne

326 1564 515 1662 Adsurget
534 1565 667 1654 decus,
687 1576 723 1636 et
741 1572 920 1636 venturos
939 1587 1060 1658 usque
1079 1575 1230 1661 nepotes

325 1670 454 1746 Didita
471 1681 692 1769 perpetuam
711 1683 816 1743 texet
834 1669 903 1743 tibi
921 1669 1045 1770 gloria
1062 1670 1224 1744 laurum.

431 1777 633 1867 Proxima,
653 1802 746 1872 quos
765 1802 958 1868 numereS‚
978 1777 1165 1850 sociorum
1185 1803 1276 1852 cura
1293 1781 1453 1856 tenebit:

325 1886 471 1960 Paucos
490 1896 601 1980 atque
619 1887 756 1977 bonos,
775 1909 928 1976 monac,
948 1884 1039 1975 tibi,
1058 1898 1164 1976 nate,
1183 1885 1373 1986 legendos.

327 1995 450 2067 Aurea
470 1991 544 2065 sint
562 2003 763 2090 praecepta·
777 1991 915 2089 patrm,
934 1991 1009 2064 sint
1027 2016 1140 2064 aurea
1158 1993 1276 2092 gnavi

326 2097 505 2175 Mentoris
525 2111 639 2195 atque
659 2097 780 2172 avidis
800 2097 974 2194 quamvis
994 2098 1068 2171 sint
1086 2099 1238 2174 auribus
1258 2101 1414 2197 hausta,
1457 2187 1461 2196 ‚

325 2206 462 2283 Debita
479 2206 525 2279 iis
545 2206 662 2280 deerit
679 2205 809 2293 radix,
831 2201 1051 2301 fructusque
1069 2205 1195 2306 cupiti

327 2314 541 2391 Destituant
559 2313 743 2409 reliquam
764 2311 881 2386 vitam
896 2344 904 2410 3
924 2335 1101 2416 perversa
1119 2313 1289 2416 maligno

329 2423 367 2497 Si
385 2433 423 2495 te
441 2423 554 2494 turba
573 2421 667 2522 liget
685 2420 830 2510 vinclo,
849 2420 1066 2516 sociumque
1086 2421 1233 2494 salutet.
1330 2419 1333 2422 ’

327 2529 522 2603 Fluctibus
539 2528 579 2601 in
597 2527 730 2602 mediis
749 2527 833 2621 quis
852 2552 929 2600 sese
948 2526 1141 2618 merserit3
1158 2540 1226 2601 aut
1245 2528 1330 2624 quis

327 2635 506 2711 Flammis
525 2635 714 2710 adstiterit
732 2634 891 2732 rapidi3‚
910 2633 1001 2729 quin
1021 2634 1201 2708 humidus
1220 2636 1345 2728 illinc,

327 2743 426 2819 Hinc
446 2747 556 2817 abeat
575 2743 749 2816 calidus?
769 2739 890 2831 Quem
908 2754 1046 2815 tractas
1066 2766 1187 2815 nonne
1206 2745 1380 2838 colorem,

327 2854 555 2950 Adspersum
574 2851 724 2924 cernis-‘l
744 2849 825 2947 pice
843 2849 905 2921 vel
923 2847 1085 2948 fuligine
1105 2851 1285 2946 squalles‚

324 2959 529 3055 Utcunque
547 2958 645 3032 hano
663 2956 814 3032 illamve
834 2968 947 3056 petas.
978 2955 1036 3031 Sic
1056 2957 1226 3032 morbida
1244 2958 1323 3034 tabi
1341 2963 1347 2968 ’

328 3066 452 3143 Inficit
470 3065 600 3141 illuvie
619 3076 787 3165 pecus'et
805 3062 1011 3162 corrumpit
1029 3064 1138 3139 ovile.
1250 3084 1253 3089 '

328 3174 404 3249 Nec
423 3174 546 3247 minus
565 3199 642 3247 uva
661 3173 755 3247 solet
773 3172 932 3246 livorem
951 3173 1086 3245 ducere
1107 3176 1155 3247 ab
1173 3198 1260 3247 uva.

329 3283 379 3379 Et
397 3280 487 3373 tibi,
506 3281 546 3354 ni
564 3306 717 3371 caveae,
736 3280 904 3378 perversi
923 3280 1083 3374 denique
1103 3306 1225 3354 mores

329 3388 463 3465 Pravis
483 3414 569 3462 cum
588 3387 696 3461 sociis
716 3388 868 3461 comites
887 3386 1105 3487 iungentur.
1126 3386 1260 3461 lisdem
1335 3377 1349 3404 ³

329 3495 443 3586 Queis
464 3496 715 3587 convictores,
736 3520 810 3569 non
827 3494 956 3568 vivere
976 3493 1125 3595 legibus
1144 3494 1268 3593 ips'um
1288 3514 1292 3519 ’

331 3605 443 3678 Forte
461 3605 578 3702 pudet
596 3601 719 3702 prius:
740 3613 778 3675 at
796 3626 887 3674 mox
907 3626 1017 3675 curae
1037 3612 1094 3675 est
1112 3604 1258 3704 gratia,
1278 3603 1425 3701 siquam

330 3714 407 3786 Aut
424 3711 604 3784 meruisse
622 3720 731 3808 putas
751 3708 889 3799 socios,
908 3712 975 3783 aut
993 3708 1140 3804 quaeris
1159 3712 1206 3782 ab
1224 3709 1310 3783 illis.

329 3819 483 3914 Iamque
502 3818 617 3908 leviS‚
636 3806 821 3908 mandari,
839 3816 1040 3911 verbisque
1059 3817 1203 3889 solutus
1222 3828 1259 3891 et
1277 3818 1370 3891 actis
1380 3850 1390 3916 5

330 3924 552 4025 Languidus
571 3922 689 3998 officii
705 3933 850 4015 eustos,
870 3947 1028 4019 osorque
1046 3923 1214 4022 piorum,

331 4034 379 4110 Et
399 4032 615 4128 quicunque
634 4042 722 4105 tuae
740 4030 927 4105 studiosus
947 4028 1045 4103 forte
1065 4030 1197 4103 salutis

330 4142 447 4216 Recta
465 4150 590 4213 monet
601 4138 788 4234 ,vitiique
807 4140 931 4211 studet
949 4139 1142 4211 deflectere
1161 4138 1266 4211 calle.

438 4248 470 4321 A
487 4257 615 4320 tenero
633 4245 774 4345 pariter
793 4245 1022 4318 consvescito
1041 4246 1131 4319 flore
1150 4244 1325 4319 iuventae

331 4354 389 4429 Ire
408 4351 532 4445 viam,
551 4378 627 4449 qua
645 4350 825 4443 iustitiae,
845 4378 921 4447 qua
939 4352 1095 4427 numina
1113 4351 1233 4450 cernis

333 4458 460 4537 Officii
477 4486 582 4535 sacra
599 4461 817 4560 praecedere
836 4459 920 4533 luce
939 4484 1103 4540 corusca.

332 4570 376 4642 In
395 4593 547 4667 superos
565 4568 684 4667 pietas
702 4565 754 4639 sic
772 4566 944 4665 princeps
963 4590 1053 4641 cura
1071 4566 1199 4640 futura

333 4676 401 4750 Est
418 4674 508 4749 tibi:
528 4700 619 4749 mox
637 4672 810 4774 proprius
828 4674 972 4766 cultus,
991 4700 1066 4747 non
1084 4674 1249 4773 corporis
1267 4673 1331 4747 ille

333 4781 456 4873 Quem
473 4782 632 4857 nimium
650 4780 785 4855 merito
802 4780 865 4859 vel
883 4779 1023 4854 femina
1040 4781 1180 4879 rideat3
1199 4787 1256 4854 ast
1274 4807 1349 4876 quo

334 4889 470 4965 Mentis
488 4915 595 4988 opes,
614 4888 777 4963 hominis
796 4913 887 4961 vera
905 4900 1144 4980 ornamenta,
1163 4899 1356 4986 parantur.

333 4996 461 5095 thue
479 4997 537 5070 tui
555 4994 670 5071 fueris
685 4996 893 5077 studiosus:
912 4994 964 5068 sic
982 4994 1053 5070 tibi
1073 5020 1183 5069 curae

336 5104 419 5180 Sint
437 5104 502 5178 alii
520 5104 680 5202 pariter,
699 5104 804 5199 queis
822 5114 858 5178 te
878 5126 955 5177 sors
973 5102 1150 5177 iunxerit.
1179 5102 1261 5176 Illis

846 5226 851 5251 .
