4084 6000
918 1109 1032 1191 one
1061 1069 1184 1190 xri.

414 1325 510 1396 Anao
538 1326 712 1396 soeculari
737 1326 920 1396 introducti
956 1328 991 1395 ic
1028 1327 1186 1414 oppinum
1214 1321 1324 1393 ovlu
1349 1326 1545 1414 prootucioc
1572 1342 1684 1393 mosc-
1857 1370 1858 1449 l

485 1499 489 1510 .
594 1449 725 1520 nicaeis
742 1449 933 1520 scholarum
948 1453 1085 1538 piorum
1101 1452 1244 1522 taruco·
1261 1452 1399 1539 scripto.
1417 1447 1527 1518 1839.

629 1630 719 1770 llic,
738 1678 805 1752 nbi
823 1678 898 1752 leni
916 1690 1093 1776 properat
1111 1703 1265 1755 susurro

628 1781 765 1886 Lajtha
784 1794 959 1859 nutantes
978 1785 1139 1860 nemoris
1157 1810 1225 1884 per
1242 1788 1417 1877 umbras,

626 1889 675 1967 Et
692 1892 788 1985 tuis,
815 1873 882 1968 Ov
893 1896 963 1984 ar,
981 1893 1150 1992 'pedibus
1168 1892 1301 1992 rigatis

1048 1999 1235 2100 Mergitur
1253 1999 1360 2074 Istro.

497 2201 499 2212 Ι
600 2161 604 2166 -
627 2105 715 2183 Eia!
734 2105 791 2180 bis
810 2108 905 2180 deno
924 2107 1097 2182 revoluta
1115 2131 1227 2180 cursu
1330 2122 1334 2126 ·

629 2214 764 2289 Lustra
784 2210 918 2288 festivo
938 2238 1153 2289 resonemus
1172 2238 1256 2305 ore,

629 2321 847 2397 Carminum
865 2321 975 2420 pictis
995 2321 1136 2397 sociata
1153 2318 1259 2394 sertis

591 2427 593 2430 ⁵
1050 2428 1179 2504 Thura
1196 2428 1357 2503 litantes.

629 2535 773 2611 Nomen
792 2545 829 2608 et
847 2533 988 2611 famam
1007 2535 1224 2633 viridesque
1241 2536 1368 2610 lauros

628 2645 744 2719 Docte
763 2668 829 2742 per
847 2667 969 2717 sacras
987 2646 1083 2718 bene
1101 2642 1304 2718 nundinari

630 2751 744 2826 Aonis
763 2775 892 2844 curas,
920 2751 1200 2842 Zsidanics,
1227 2750 1364 2824 calenti

1053 2859 1104 2934 Te
1122 2857 1228 2956 prius
1246 2868 1369 2932 oestro

631 2963 852 3042 Concinam:
873 2967 1018 3042 dudum
1037 2990 1241 3041 memorem
1259 2975 1460 3065 nepotum,

554 3080 558 3085 '
629 3076 680 3150 Et
698 3072 837 3168 quibus
855 3075 1012 3149 laudum
1031 3074 1187 3178 veniant
1202 3073 1390 3173 triumphi

633 3181 687 3259 Ao
706 3182 807 3255 salus
826 3181 955 3282 regnis
974 3182 1236 3274 meditantem,
1259 3191 1296 3255 et
1314 3182 1440 3280 amplo

1053 3290 1207 3364 Munere
1226 3288 1391 3388 largum.

631 3394 835 3472 Dorminnt
852 3393 973 3469 altum
991 3395 1117 3496 rigido
1137 3384 1288 3470 cruenti

633 3504 774 3596 Marte,
793 3500 1158 3588 sublimescecidere
1175 3503 1327 3592 vultus,

633 3610 735 3703 Quos
754 3610 876 3684 henor
897 3609 1003 3684 vexit
1020 3611 1262 3707 tumidosque
1284 3610 1433 3687 circum

1055 3717 1228 3792 Fulserat
1245 3717 1427 3792 Hermus:

635 3828 683 3902 At
700 3824 771 3924 piis
789 3832 833 3898 tu
851 3827 976 3899 adstas
995 3825 1285 3899 redivivus'aris

634 3932 782 4025 Gloria,
803 3943 839 4037 et
857 3932 976 4031 gratis
995 3932 1138 4007 nitidus
1156 3931 1371 4033 corymbis,

634 4039 768 4118 Debito
787 4039 956 4139 pulchris
975 4039 1119 4113 meritis
1137 4040 1280 4116 tributo

1055 4147 1226 4242 Denique
1245 4147 1379 4221 clarus.

634 4252 780 4354 Aspicis
799 4256 953 4329 densam
972 4255 1154 4329 iuvenum
1173 4264 1364 4334 catervam
1394 4310 1396 4315 -

634 4361 819 4438 Victimas
839 4362 941 4436 coelo
960 4362 1135 4436 manibus
1154 4361 1296 4460 supinis
1319 4432 1327 4437 .

637 4470 785 4546 Tollere
804 4469 941 4561 almaS,
959 4480 997 4543 et
1015 4468 1087 4544 tibi
1104 4469 1317 4544 dedicatum

1057 4576 1189 4652 Dicere
1206 4577 1390 4655 carmen?

642 4683 681 4760 Si
699 4682 794 4783 polis
813 4707 912 4757 nexa
930 4694 1000 4777 est,
1019 4684 1163 4782 patriae
1181 4683 1323 4776 fidelis,

639 4790 806 4891 Regibus
825 4799 996 4865 constans
1016 4792 1175 4889 pietate,
1199 4791 1231 4864 si
1249 4788 1307 4865 fas

639 4898 687 4976 Et
705 4900 826 5000 pudor
843 4907 964 4972 totam
982 4909 1101 4993 tenet,
1120 4922 1163 4972 ae
1181 4898 1329 4973 honesti

1060 5007 1161 5107 Lege
1179 5016 1344 5098 coercet:
1569 5073 1585 5115 c
