4084 6000
1005 679 1053 758 36

859 1000 1061 1105 megia
1087 1008 1186 1089 111.

394 1169 447 1238 Ad
467 1169 687 1240 arancarum
705 1161 877 1234 inlesit<
897 1189 1017 1240 munus
1033 1175 1182 1260 episcopi
1209 1177 1564 1266 mapaoourcdiacnsis
1584 1177 1658 1246 sol-

790 1278 942 1348 lemniter
959 1280 1124 1349 inaurem
1146 1279 1256 1351 1827.

446 1402 523 1515 Cur
541 1443 609 1508 tua
628 1432 793 1507 laetitiae
811 1434 954 1532 pariter
971 1435 1180 1532 maestique
1199 1438 1336 1512 doloris

553 1539 695 1616 Alterni
714 1551 839 1616 motus
858 1554 1012 1640 pectora
1029 1543 1195 1619 Varad
1214 1549 1365 1646 agunt‘?
1489 1581 1491 1585 ·
1528 1611 1530 1618 a

444 1645 592 1746 Quippe
609 1647 753 1750 gemis,
772 1648 983 1724 Laicsak
1001 1661 1070 1724 tua
1089 1655 1191 1747 quod
1209 1653 1373 1753 magalia
1391 1653 1555 1750 linquat:

548 1755 697 1831 Gaudes
715 1757 912 1855 praesuleo
930 1758 1040 1832 dulce
1060 1758 1199 1834 micare
1218 1762 1311 1834 loco.
1451 1759 1454 1766 ’

443 1860 553 1952 Quod
571 1864 685 1938 mitra
704 1875 818 1958 atque
835 1866 931 1962 pedo
951 1867 1101 1940 decoret
1117 1866 1372 1942 Rosnavia
1391 1870 1555 1968 gaudes,

548 1969 658 2060 Quod
677 1995 752 2045 non
770 1970 843 2045 hoc
861 1972 980 2046 niteas
998 1975 1192 2072 praesule,
1211 1986 1355 2050 maesta
1372 1976 1486 2051 doles

442 2076 569 2151 Motus
588 2078 678 2152 siste
696 2090 802 2152 tuos:
822 2105 1017 2175 nunquam
1036 2080 1108 2155 sibi
1126 2081 1267 2182 gaudia
1286 2093 1478 2175 constant,

547 2184 596 2259 Et
614 2211 704 2259 suus
724 2196 781 2260 est
798 2186 962 2261 lacrimis
982 2187 1233 2284 tristitiaeque
1251 2193 1397 2265 modus

441 2292 621 2367 Inductae
639 2294 744 2368 coelo
762 2297 881 2369 nubes
900 2295 1085 2390 Aquilone
1104 2295 1309 2397 fugantur,
1393 2293 1394 2296 '

544 2401 638 2475 Mox
657 2403 795 2474 sudum
813 2401 954 2500 pluviis
974 2403 1104 2477 obruit
1121 2405 1259 2478 Auster
1277 2405 1396 2501 aquis.

439 2507 614 2607 Ingentes
632 2507 784 2582 variant
802 2520 929 2582 aestus
946 2520 1015 2584 tua
1033 2522 1185 2608 pectora
1203 2507 1387 2609 Varad3

545 2616 603 2690 An
621 2626 689 2689 tua
706 2613 783 2689 fors
801 2616 956 2714 paribus
975 2626 1130 2715 pectora
1147 2619 1275 2694 Rosn
1284 2645 1349 2720 yo
1364 2621 1531 2694 vacant?

438 2721 608 2798 Grataris
628 2747 783 2821 sponso,
802 2734 862 2797 ast
879 2723 1000 2804 alieno
1020 2722 1120 2798 ferre
1138 2726 1265 2800 dolore
1287 2744 1291 2748 ’

543 2829 710 2922 Gaudia,
729 2829 834 2926 quie,
853 2830 1047 2930 geminas,
1066 2833 1208 2932 gaudia
1226 2845 1318 2908 vera
1335 2837 1474 2933 putet?

313 2972 319 2980 ³
436 2936 585 3012 Parcite
605 2949 684 3013 tam
703 2936 828 3012 dubiis
845 2937 981 3013 iactari
998 2939 1197 3041 fiuctibus3
1216 2941 1325 3016 almis

527 3045 645 3148 Haec
664 3044 809 3145 superis
828 3043 948 3144 pietas
968 3049 1147 3138 (credite)
1166 3060 1278 3149 grata
1297 3050 1403 3125 calet.
1486 3096 1490 3100 ·

436 3151 562 3251 Digna
578 3152 674 3251 polis
694 3177 785 3227 cura
803 3164 860 3227 est
876 3152 1021 3227 meritis
1041 3154 1238 3231 decernere
1256 3156 1396 3231 iustam

542 3260 773 3335 Mercedem:
792 3286 868 3334 non
885 3260 958 3333 hac
976 3285 1044 3334 vos
1064 3261 1226 3337 caruisse
1245 3265 1384 3337 volent.
1447 3330 1449 3337 s

436 3367 598 3465 Tempus
617 3368 710 3461 erit,
729 3393 805 3464 quo
823 3392 913 3460 voe,
932 3370 1046 3441 decus
1065 3367 1279 3443 immortale
1298 3396 1473 3462 suorum,

544 3474 1526 3577 FranciscuS,patriaelegefi'dequepater,

436 3579 511 3670 Qui
528 3582 664 3655 viduas
683 3607 809 3682 gnaro
828 3581 974 3657 solatur
990 3583 1189 3682 Daphnide
1210 3584 1358 3678 caulae,
1387 3610 1391 3617 ·

540 3688 617 3763 Nec
635 3701 780 3764 vestras
800 3691 896 3764 dura
912 3700 1065 3789 respuet
1083 3702 1173 3766 aure
1192 3706 1347 3791 preces

435 3793 738 3871 Nittriadum
757 3822 844 3871 caro
862 3797 1047 3898 gaudebit
1064 3801 1257 3897 praesule,
1275 3797 1518 3896 Quinque·

541 3902 787 3978 Ecclesiis
806 3904 949 4003 pariter
964 3906 1116 4003 praesul
1135 3918 1282 3982 amatus
1301 3907 1384 3981 erit.

436 4010 663 4085 Albacum
682 4010 825 4110 duplici
842 4013 1570 4109 florensRosnavia,Szatthmar

540 4118 788 4225 Gaudebunt,
807 4115 902 4193 felix
919 4131 965 4194 tu
982 4145 1132 4218 quoque
1151 4121 1188 4197 V
1199 4124 1318 4195 arad
1337 4120 1420 4196 eris.

1005 4330 1027 4369 Ἰ

876 4393 897 4432 ὕ
1137 4396 1156 4434 tr

435 4546 589 4642 Iamque
609 4546 687 4621 dies
707 4555 838 4645 optata
859 4546 994 4639 micat,
1012 4557 1098 4637 tua
1116 4547 1288 4641 nomina,
1308 4548 1537 4642 Laicsalr,

541 4652 695 4728 Pridem
714 4664 804 4728 nota
821 4654 893 4754 piis
911 4654 1069 4745 vocibus
1089 4653 1166 4728 alta
1185 4668 1329 4731 sonant.

436 4761 674 4836 Concurrunt
692 4759 814 4854 cives,
832 4771 879 4837 et·
890 4787 984 4858 quos
1003 4760 1075 4836 sibi
1094 4787 1244 4838 cernere
1262 4761 1393 4836 vultus

540 4868 658 4943 Dulce
677 4865 772 4962 fuit,
791 4895 945 4945 rursum
964 4895 1114 4945 cernere
1133 4870 1280 4943 dulcius
1299 4880 1367 4944 est.

434 4978 545 5050 Atras
564 4987 648 5075 post
667 4980 841 5052 tenebras
861 4976 914 5051 sic
932 4978 1108 5053 Phoebus
1127 4976 1273 5077 gratior
1290 4976 1391 5076 exit,

539 5082 692 5161 Gratior
711 5096 768 5159 est
787 5084 897 5183 pulso
917 5084 1060 5186 frigore
1078 5109 1195 5157 verna
1214 5083 1303 5159 dies.
