4084 6000
920 621 926 630 ’
1034 596 1109 672 110

961 711 1172 724 m

489 811 569 889 Vix
588 811 728 886 etenim
745 811 854 912 pueri
871 822 1017 887 teneros
1034 811 1129 886 bene
1148 807 1313 885 fovimus
1332 834 1468 902 annos,

505 969 509 975 -
592 919 772 998 Destituit
789 919 951 1020 petrice,
970 929 1069 993 sorte
1087 919 1258 1012 volente,
1274 919 1383 994 lares

489 1026 645 1124 Iamque
663 1037 799 1124 quater
817 1024 935 1103 secuit
952 1036 1120 1101 maturas
1138 1050 1280 1101 messor
1298 1025 1452 1118 aristas,
1503 1053 1504 1058 ¹

593 1133 773 1230 Cernere,
791 1135 883 1233 quin
900 1135 1015 1210 liceat
1031 1145 1089 1227 te,
1107 1136 1204 1209 bone
1222 1145 1329 1227 nate,
1348 1133 1454 1208 mihi.

488 1241 590 1319 Dum
608 1242 783 1318 lacrimas
801 1244 901 1318 inter
919 1242 1054 1318 viduas
1072 1240 1363 1316 transmittimus
1382 1241 1513 1340 horas,

594 1349 646 1426 Te
663 1350 795 1450 procul
812 1375 835 1426 a
851 1349 962 1429 nobis
980 1361 1082 1428 terra
1100 1359 1244 1426 remota
1261 1357 1375 1426 tenet.

488 1456 572 1534 Non
589 1481 741 1557 precor,
759 1468 804 1533 ut
820 1483 969 1534 mecum
986 1458 1162 1533 traducas
1180 1467 1350 1559 tempora
1367 1455 1488 1554 vitae,

593 1565 652 1641 Ad
668 1591 736 1640 nos
754 1566 787 1640 si
805 1565 1118 1642 venias-muneris
1136 1564 1256 1640 instar
1273 1564 1356 1642 erit.

490 1672 540 1748 At
558 1698 648 1748 vero
666 1674 867 1774 prohibent
883 1673 1073 1750 maiorum
1090 1674 1214 1768 iussa,
1232 1673 1410 1776 reponis?

594 1781 700 1856 Adde
717 1792 846 1882 preces
863 1781 982 1875 votiS,
1000 1793 1092 1858 vota
1110 1806 1312 1882 precesque
1330 1793 1494 1856 movent.

491 1886 613 1965 Saxea
630 1914 698 1964 nec
716 1889 880 1966 resident
898 1889 1086 1966 maiorum
1105 1899 1255 1990 pectore
1274 1891 1407 1965 corda:

593 1997 731 2092 Credo,
748 2023 816 2097 nec
833 1999 902 2073 hos
920 1998 1090 2099 penitus,
1109 1997 1203 2094 quid
1220 1996 1270 2071 sit
1288 2022 1435 2088 amare,
1454 1993 1565 2096 fugit.

489 2101 572 2204 lpse
590 2104 744 2200 quidem
761 2113 911 2180 tentans
928 2129 1038 2181 curas
1055 2103 1152 2180 mihi
1170 2106 1339 2198 demere,
1357 2117 1506 2204 tempus
1558 2135 1561 2144 ¹

593 2213 684 2287 Post
700 2216 817 2289 breve
834 2225 1044 2306 maternos,
1061 2212 1214 2305 scribis,
1233 2213 1345 2290 adibo
1363 2213 1486 2288 sinus:

491 2318 563 2396 Sed
580 2319 677 2394 mihi
694 2322 815 2397 Parca
833 2322 966 2396 minax
982 2321 1101 2396 instat
1118 2321 1215 2418 iam,
1233 2319 1382 2422 longior
1400 2344 1518 2412 anno,

593 2427 695 2502 Dum
714 2440 849 2503 natum
868 2440 1047 2528 expecto,
1064 2428 1256 2526 quaelibet
1274 2428 1368 2512 hora
1385 2427 1482 2504 mihi
1500 2436 1566 2502 est.

491 2532 668 2634 Septenos
686 2535 808 2611 decies
825 2536 980 2611 iamiam
1001 2535 1262 2636 superavimus
1281 2561 1417 2611 annos:
1485 2592 1490 2600 .

594 2641 700 2734 Quae
716 2667 824 2721 mora
841 2642 1072 2737 non'suerit,
1091 2643 1152 2719 dic
1171 2667 1280 2745 rogo,
1297 2645 1413 2746 longa
1431 2639 1557 2718 mihi‘?

489 2749 680 2825 Accelerat
698 2753 889 2826 tumulum
906 2751 1222 2828 dilectiabsentia
1238 2751 1330 2826 nati.

595 2857 704 2934 Curis
722 2859 903 2934 maternis
915 2858 1066 2958 spicula
1083 2859 1214 2934 mortis
1231 2858 1329 2934 emo!

488 2965 550 3041 Me
568 2965 760 3042 miseram!
779 2968 894 3068 perdo
914 2967 1155 3065 querulantia
1173 2967 1333 3065 denique
1350 2967 1478 3043 verba⁶

397 3121 398 3129 κ
506 3134 514 3141 .
596 3074 674 3149 Ah!
693 3085 841 3151 nostros
855 3086 972 3151 natus
989 3078 1118 3151 tardat
1135 3075 1238 3150 adire
1257 3074 1371 3149 sinus

490 3180 621 3257 Vivite
639 3180 784 3276 felices,
802 3184 1000 3283 prolesque
1017 3182 1164 3259 educite
1182 3182 1338 3257 matresl

594 3290 670 3366 En!
689 3316 773 3365 mea
790 3316 850 3365 me
868 3305 1028 3366 matrem
1045 3290 1209 3391 pignora
1227 3302 1347 3365 morte
1365 3292 1534 3391 petunt.“

490 3396 650 3472 Ferreus
667 3398 748 3498 ipse
765 3394 905 3491 forem,
923 3398 1120 3494 saevisque
1138 3396 1301 3475 ferocior
1317 3395 1437 3489 ursis,

596 3504 644 3581 Ni
662 3516 839 3580 moveant
856 3516 986 3605 pectus
1002 3506 1096 3582 talia
1113 3507 1231 3582 verba
1248 3532 1388 3581 meum
1571 3574 1581 3585 ,

490 3612 613 3688 Mater
630 3614 724 3687 flens
737 3614 860 3687 oculis
878 3638 1024 3714 semper
1041 3613 1238 3715 vigilantis
1256 3614 1449 3705 inhaeret,
1539 3634 1543 3640 ·

594 3718 645 3795 Et
662 3720 861 3818 querulam
879 3720 977 3796 sistit
994 3746 1148 3819 noxque
1166 3722 1320 3819 diesque
1339 3717 1453 3795 mihil

452 3865 454 3868 ·
492 3825 596 3928 Ergo
615 3852 687 3927 ego
706 3828 777 3903 sim
795 3829 929 3905 mortis
945 3840 1140 3905 maternae
1158 3854 1270 3919 causa
1288 3827 1472 3904 futurus?

596 3934 726 4028 Absit,
744 3946 782 4011 et
799 3960 884 4011 ossa
897 3931 997 4012 'mihi
1015 3948 1191 4039 contegat
1206 3962 1303 4013 urna
1319 3936 1436 4036 prius.
1479 3958 1483 3967 ’

491 4041 540 4117 Et
558 4052 685 4119 tamen
704 4043 744 4118 id
755 4042 846 4143 fiet,
864 4044 990 4121 sinon
1007 4057 1064 4139 te,
1082 4068 1232 4145 praeses
1250 4054 1393 4136 amate,

594 4149 644 4226 Et
661 4151 742 4226 nati
760 4162 798 4227 et
814 4152 947 4227 matris
964 4152 1090 4227 tristia
1107 4150 1188 4228 fata
1205 4163 1369 4228 movent.

492 4257 553 4333 Ah
571 4260 766 4334 moveant-l
786 4270 824 4335 et
842 4259 914 4335 sim
932 4258 1055 4336 facilis
1073 4284 1160 4361 pars
1179 4260 1291 4336 unica
1308 4258 1466 4350 mentis,
1528 4287 1530 4293 ·
1551 4312 1555 4319 -

598 4366 837 4468 Supplicibus
854 4392 968 4444 verus
988 4392 1064 4465 qua
1081 4379 1189 4468 pater
1208 4392 1286 4443 esse
1306 4367 1411 4444 soles.
1527 4358 1531 4367 ’

492 4471 576 4565 Quo
594 4474 743 4550 minuas
760 4498 890 4569 curas,
908 4486 947 4549 et
965 4498 1071 4549 sanes
1089 4475 1229 4551 vulnus
1248 4475 1420 4573 utrique:

596 4583 713 4658 Parce
731 4583 828 4659 mihi
846 4593 1016 4683 optatam
1034 4583 1111 4658 iam
1125 4583 1330 4683 prohibere
1348 4581 1462 4657 viam.
1511 4584 1514 4597 '

493 4687 553 4765 Sic
571 4690 688 4782 mihi,
707 4692 760 4766 sic
777 4691 892 4767 matri
910 4714 1011 4766 nova
1027 4690 1109 4766 vita
1126 4690 1268 4768 redibit
1285 4700 1452 4765 amatae:
1528 4724 1531 4731 λ
1582 4711 1584 4719 ·
1691 4682 1694 4689 “

596 4797 657 4875 Sic
675 4798 746 4874 tibi
763 4798 933 4874 iucundo
947 4798 1112 4875 carmine
1130 4811 1264 4901 gratus
1282 4822 1361 4873 ero:
1408 4832 1409 4837 ¹

964 5022 1174 5036 μαι-..ιω
