4084 6000
995 673 1045 746 34

440 890 499 966 Sic
517 891 692 962 tenebras
711 885 817 961 dubii
835 886 989 959 diducta
1008 883 1132 960 fronte
1150 884 1323 988 fugabit,

543 995 603 1071 Sic
622 993 757 1068 ovibus
776 993 932 1066 revehet
948 993 1072 1067 lustra
1090 997 1202 1069 beata
1220 996 1307 1070 suis

437 1103 615 1178 Dixerat:
635 1111 675 1175 et
693 1125 871 1199 superum
889 1102 1084 1174 decretum
1101 1102 1222 1177 Roma
1240 1115 1369 1177 secuta
1387 1116 1464 1202 est;

542 1211 697 1304 lamque
715 1208 785 1281 tibi
804 1219 957 1306 optatus
976 1208 1145 1282 Iauria
1163 1233 1247 1307 pas
1259 1221 1337 1284 tor
1355 1214 1472 1287 adest.

436 1317 607 1392 Annulus
627 1328 739 1409 atque
759 1317 898 1412 pedum
916 1340 1003 1389 cum
1022 1315 1136 1389 mitra
1154 1341 1326 1413 cruxque
1345 1317 1561 1420 refulgens,

541 1422 671 1514 Quid?
690 1422 762 1495 nisi
781 1421 971 1520 conspicui
989 1422 1099 1521 signa
1118 1425 1260 1498 decoris
1280 1438 1403 1502 erunt.
1439 1497 1444 1512 ,

433 1531 503 1605 His
521 1555 663 1622 novus,
682 1539 727 1603 ut
744 1528 904 1621 meruit,
924 1531 1121 1603 decoratus
1141 1533 1293 1630 praesul
1311 1545 1488 1608 ovantem

540 1639 636 1713 Ante
655 1661 813 1737 gregem
832 1635 975 1712 domini
993 1637 1144 1712 culmen
1163 1638 1315 1713 honoris
1334 1641 1425 1715 adit.

433 1745 591 1846 Assyrio
611 1743 723 1818 nitidi
741 1743 884 1842 stipant
902 1743 990 1816 hinc
1009 1743 1152 1819 murice
1170 1756 1317 1844 patres3

538 1853 628 1926 Inde
647 1850 701 1950 pii
717 1851 808 1923 cleri
825 1851 942 1950 longa
960 1875 1098 1924 corona
1116 1853 1249 1950 praeit.

431 1961 579 2034 Adsunt
598 1961 794 2031 doctorum
810 1956 1039 2031 lectissimus
1060 1961 1150 2033 ordo
1169 1959 1363 2058 virorum,

418 2113 423 2122 ›
538 2066 595 2141 Tu
614 2090 764 2160 quoque
783 2090 870 2138 cum
889 2065 1047 2139 ducibus
1066 2070 1180 2142 turba
1199 2068 1336 2140 tenella
1354 2067 1441 2142 tuis

433 2172 609 2268 Undique
627 2173 811 2246 laetantes
831 2184 990 2246 currunt
1007 2198 1075 2270 per
1093 2174 1258 2273 compita
1276 2173 1399 2266 cives,

537 2279 717 2374 Quaeque
736 2278 867 2353 fovent
886 2279 1012 2353 animo
1031 2281 1194 2380 gaudia,
1211 2307 1304 2355 voce
1323 2285 1495 2380 probant.

431 2387 513 2461 Non
532 2386 671 2460 fractos
689 2387 796 2459 annis
816 2397 919 2460 aetas
938 2389 1157 2487 grandaeva
1176 2400 1364 2486 moratur3

534 2492 617 2568 Non
636 2517 777 2592 genus,
796 2505 863 2568 aut
881 2517 1016 2585 sexuS,
1036 2519 1127 2568 cura
1145 2521 1213 2572 nec
1231 2495 1312 2594 ipsa
1331 2497 1432 2571 laria.

430 2600 551 2693 Quin,
569 2601 676 2675 velut
694 2600 902 2674 isthmiacis
922 2603 1014 2674 dum
1033 2601 1156 2676 victor
1174 2603 1346 2676 cursibus
1365 2607 1521 2697 urbem,

535 2706 639 2798 Quae
659 2708 804 2808 genuit,
822 2709 961 2806 populo
980 2705 1078 2781 festa
1096 2710 1239 2784 colente
1258 2710 1379 2806 subit3

429 2815 604 2891 Nudatur
621 2814 761 2913 portis,
781 2816 947 2889 nudatur
965 2816 1161 2890 moenibus
1181 2817 1266 2909 illa,

535 2921 716 3017 Quaeque
734 2933 881 3020 premat
899 2920 1043 3015 victor,
1062 2925 1223 3024 grandia
1242 2948 1336 2998 saxa
1354 2922 1478 2998 iacent
1493 2956 1500 3023 3

431 3030 578 3131 Oppida
596 3054 729 3128 nempe
747 3040 885 3129 putant
903 3032 1095 3128 praeclaro
1115 3032 1196 3107 cive
1215 3035 1346 3123 beata,

535 3137 682 3213 Gentius
701 3162 745 3210 ac
762 3137 899 3210 validis
918 3147 1004 3211 tuta
1021 3162 1173 3213 manere
1193 3139 1306 3213 seris:

429 3244 556 3319 lauria
574 3271 649 3318 non
666 3244 799 3336 aliter,
818 3268 945 3318 muros
964 3256 1104 3336 exuta,
1122 3246 1272 3319 lacertis

532 3351 687 3450 Excipis
704 3352 806 3424 hunc
825 3350 985 3449 patuliS,
1003 3350 1193 3445 quiverit
1211 3353 1292 3451 ipsa
1310 3364 1510 3449 patrem.

428 3457 504 3533 Nec
522 3458 600 3532 sine
619 3456 757 3533 iudicio
776 3458 929 3549 divum,
948 3457 1015 3551 qui
1032 3459 1204 3556 praesule
1224 3470 1351 3550 tantu,
1440 3465 1444 3477 '

534 3564 703 3661 Cumque
720 3566 786 3639 illc
804 3588 953 3638 summa
970 3566 1220 3663 prosperitate
1238 3570 1361 3642 beant.
1464 3592 1466 3599 ·

308 3781 311 3786 y
428 3675 494 3749 Ille
513 3672 611 3772 vigil
630 3674 779 3771 rapidos
799 3675 848 3746 ab
866 3670 1032 3745 ovilibus
1051 3674 1185 3773 exiget
1202 3674 1351 3765 hostes,

534 3779 693 3854 Sedibus
712 3774 890 3853 excludet
908 3778 1037 3852 tristia
1053 3804 1224 3875 quaeque
1244 3781 1332 3855 tuis.

427 3887 545 3983 Siqua
564 3886 675 3987 gregi
692 3887 809 3960 viduo
828 3886 965 3983 serpsit
982 3911 1051 3983 per
1069 3890 1239 3961 membra
1258 3888 1407 3987 petig0,

534 3994 601 4067 Ille
620 3994 720 4067 malo
739 4003 911 4091 pastor
929 3994 1231 4069 dulce-levamen
1249 3995 1331 4068 erit.

427 4101 597 4178 Vulnera
614 4099 784 4192 curabit,
802 4124 869 4197 per
887 4112 998 4197 prata
1014 4100 1178 4175 virentia
1196 4103 1309 4176 ducet

533 4208 729 4307 Agnellos,
748 4205 843 4281 coeli
859 4206 1021 4306 pignora
1040 4219 1154 4301 certa,
1173 4234 1270 4283 suos.

427 4314 554 4412 thue
572 4313 664 4387 iacit
681 4314 815 4387 rutilos
834 4313 936 4388 nivei
954 4316 1078 4388 cr'ux
1097 4315 1258 4413 pectoris
1276 4315 1403 4416 ignes,

533 4419 710 4516 Undique
729 4419 876 4493 consilii
894 4422 947 4493 sic
965 4420 1073 4495 dabit
1089 4422 1154 4495 ille
1173 4420 1283 4498 faces.

428 4531 478 4604 At
496 4527 528 4601 si
546 4527 693 4601 divinos
711 4526 866 4627 urgebit
883 4528 1035 4625 praesul
1054 4527 1235 4622 honorae,

534 4635 577 4708 ln
595 4641 744 4726 nostre,
762 4634 882 4724 dices,
900 4635 1072 4733 praesule
1091 4636 1232 4710 Paulus
1250 4638 1367 4710 adest.

427 4740 550 4832 Quam
568 4740 752 4841 gravibus
769 4741 897 4815 verbis
915 4752 1088 4815 aeternae
1107 4744 1247 4840 pabula
1265 4743 1387 4833 vitae,

533 4846 657 4938 Quam
673 4848 785 4949 larga
802 4857 957 4947 sparget
975 4849 1118 4923 semina
1136 4874 1242 4924 sacra
1259 4849 1393 4923 manul

428 4954 576 5031 Scilicet
594 4965 638 5029 ut
657 4956 809 5030 Latium
828 4954 990 5029 facundo
1008 4956 1156 5031 Tullius
1176 4981 1259 5047 ore,

534 5062 695 5138 Cunctos
714 5062 863 5158 eloquio
883 5062 935 5136 sic
954 5073 1059 5137 tenet
1078 5062 1140 5135 ille
1161 5086 1242 5136 suo.-
