4084 6000
995 637 1069 711 176

932 749 1143 760 *affl

389 854 453 935 ,Et
471 851 613 928 meritis
632 850 802 940 studeat,
820 849 959 947 coeptis
979 849 1144 946 desistit,
1164 874 1289 926 amore

405 962 496 1036 Plus
514 957 658 1060 patriae
677 967 830 1052 captus,
849 956 985 1030 dubiae
1004 981 1118 1051 quam
1137 983 1329 1032 murmure
1349 956 1481 1033 famae.

510 1065 635 1140 Attica
652 1063 701 1136 sit
718 1063 839 1138 Codro
857 1063 1034 1154 celebris,
1051 1063 1100 1136 sit
1117 1063 1256 1139 Coclite
1274 1065 1413 1154 Roma,

404 1175 506 1249 Haec
524 1171 661 1248 Fabios
679 1179 880 1259 memoret,
898 1169 1083 1244 Leonidas
1101 1170 1187 1244 illa:
1207 1171 1446 1271 triumphum

404 1281 486 1356 Non
505 1279 580 1354 illis
599 1277 709 1353 (laius
729 1288 854 1350 noster
873 1276 945 1349 nisi
963 1289 1130 1374 tempore
1147 1278 1265 1356 cedet.

402 1421 503 1512 Quin
522 1429 706 1516 quantum
724 1379 842 1490 Tullii
858 1416 939 1508 hic,
957 1419 1154 1516 valuitque
1172 1420 1434 1498 Demosthenis
1452 1421 1532 1494 illic

403 1529 529 1618 Mens,
548 1536 587 1600 et
603 1524 736 1623 lingua
753 1534 885 1622 potens
904 1523 1046 1622 patriae
1065 1529 1281 1602 succurram
1300 1527 1439 1621 causis,
1539 1535 1542 1542 '

403 1633 640 1730 Eloquioque‘
655 1654 792 1731 graves
809 1629 950 1704 Romae
969 1634 1100 1706 sedare
1117 1635 1317 1731 procellas:

403 1741 553 1815 Eminet
572 1751 610 1813 et
627 1737 707 1812 Caii
724 1746 872 1810 tantum
893 1734 1071 1812 facundia
1089 1741 1247 1832 florens,
1385 1748 1388 1755 ’

404 1848 538 1943 Sicque
558 1845 658 1945 regit
675 1843 785 1918 dictis
804 1842 967 1935 animos,
987 1853 1023 1917 et
1041 1857 1190 1943 pectora
1208 1848 1359 1922 mulcet.

508 1952 667 2028 Cernis?
687 1962 729 2023 ut
748 1949 920 2049 insurgat
938 1951 1033 2024 velis
1051 1951 1257 2027 audacibus
1276 1978 1424 2045 omnes,

402 2060 478 2151 Qui
498 2069 639 2134 terrent
656 2059 794 2131 fluctus
813 2081 903 2129 mox
921 2057 1112 2132 debellare
1130 2058 1289 2134 disertae
1420 2044 1426 2059 ’

404 2166 565 2267 Navigio
583 2163 758 2264 linguae3
776 2163 939 2260 patriam
957 2164 989 2236 si
1009 2161 1105 2238 forte
1123 2165 1289 2241 carinam
1394 2183 1397 2190 '

404 2272 573 2372 Propitia
590 2279 761 2344 tumeant
779 2293 987 2370 cynosura,
1006 2271 1163 2368 luceque
1182 2274 1276 2346 coeli
1369 2294 1371 2297 ·

404 2381 616 2470 Fraudare,
636 2391 672 2450 et
690 2375 808 2450 caecis
827 2374 998 2450 timidam
1017 2379 1204 2454 obiectare
1224 2379 1403 2478 periclis?

404 2487 534 2588 Scylla
552 2485 639 2559 lieet
656 2485 787 2574 latret,
806 2495 934 2558 vomat
953 2494 990 2557 et
1008 2509 1076 2558 sua
1095 2499 1260 2561 monstra
1279 2485 1507 2587 Charybdis,
1579 2482 1583 2489 ’

402 2593 591 2693 Confligat
608 2593 746 2691 Boreas
764 2589 929 2681 nostrie,
947 2603 985 2664 et
1003 2593 1155 2667 turbine
1173 2603 1308 2683 vexet,
1444 2605 1449 2620 ‘

403 2701 524 2798 Altior
543 2709 731 2798 assurget,
750 2721 862 2792 seque
881 2714 918 2769 et
936 2721 1004 2770 sua
1023 2711 1173 2796 pectora
1191 2699 1297 2774 fortis

403 2807 561 2897 Offeret,
581 2818 618 2880 et
636 2829 740 2878 sacro
760 2803 911 2899 quidvis
930 2807 1124 2903 superabit
1142 2831 1277 2881 amore.

508 2911 582 2987 Nec
601 2911 760 2985 mirum:
780 2910 903 3010 prima
921 2913 1081 2986 necdum
1099 2913 1280 3016 lanugine
1299 2913 1418 2986 malae

402 3022 636 3096 Horruerant
654 3018 729 3111 illi,
748 3043 834 3092 cum
852 3015 920 3090 tali
938 3018 1058 3093 laetus
1078 3021 1231 3095 alumno
1475 3027 1479 3035 ’

402 3130 551 3203 Mavors
570 3126 648 3225 ipse
667 3125 726 3200 sui
745 3128 905 3198 donarat
923 3126 1068 3200 ahenea
1085 3126 1173 3204 Caio

402 3238 559 3311 Pectora
576 3257 684 3332 saepe
702 3232 803 3305 vices
822 3230 1015 3306 subituro:
1035 3233 1206 3329 qualibet
1223 3233 1330 3324 inde,

399 3342 486 3433 Qua
503 3340 645 3441 patriae
665 3340 840 3438 poscebat
858 3362 983 3431 amor,
1001 3364 1078 3433 qua
1096 3342 1207 3416 sortis
1225 3340 1376 3435 iniquae

402 3446 647 3548 Frangendae
665 3446 828 3545 urgebat
846 3442 1040 3538 stimulus,
1058 3472 1125 3545 per
1142 3449 1238 3539 tela,
1257 3471 1323 3545 per
1340 3446 1488 3537 hosteS,

402 3558 548 3651 Perque
567 3578 649 3628 oras
665 3550 772 3626 vadit
790 3550 988 3651 peregrino
1008 3555 1083 3627 sole
1103 3555 1278 3628 calentes

401 3660 587 3737 Instruxit
607 3659 779 3735 Phoebus
799 3657 980 3759 cythara,
1000 3660 1194 3761 Cyllenius
1215 3661 1306 3750 alis,
1393 3688 1394 3692 ¹

402 3770 511 3844 Unde
529 3768 678 3841 lucrum
698 3765 843 3865 patriae
863 3764 1011 3858 sollers,
1029 3768 1165 3841 decora
1183 3770 1336 3863 altaque
1355 3774 1481 3859 curet,

402 3874 594 3951 Provehat
610 3884 648 3947 et
666 3873 794 3947 doctas
814 3882 930 3964 artes,
949 3874 1150 3969 laurosque
1168 3899 1348 3973 perennes
1550 3874 1566 3899 ”

402 3986 484 4081 lpse
503 3980 576 4055 sibi
593 3991 632 4054 et
649 3978 792 4079 patriae
811 3977 908 4051 natis
928 3980 1107 4053 meruisse
1124 3981 1279 4055 laboret.

403 4088 561 4165 Aemula
577 4086 712 4160 vicinis
730 4098 773 4160 ut
792 4096 951 4184 surgant
969 4098 1121 4186 pectora
1139 4088 1225 4161 latis

402 4194 666 4273 Pannonidum
684 4193 724 4266 in
742 4190 871 4281 terris,
889 4188 989 4265 facto
1008 4194 1199 4269 contendit
1217 4206 1255 4269 et
1273 4218 1346 4268 ore.

508 4302 694 4401 Hungara
710 4298 814 4372 testis
833 4299 920 4371 ades
939 4299 1070 4390 tellus,
1088 4302 1285 4402 campique
1303 4310 1474 4402 patentes

403 4410 452 4486 Et
470 4407 578 4482 fluvii
596 4405 740 4507 patriae
758 4414 902 4478 tractus
920 4416 1033 4500 atque
1051 4430 1143 4480 arva
1161 4408 1337 4509 rigantes.

402 4516 524 4591 Dicite
544 4522 630 4606 (vos
649 4512 787 4587 etenim
805 4508 972 4600 vidistis)
992 4510 1104 4587 dicite
1122 4513 1233 4590 Caius

400 4624 486 4715 Quo
505 4620 755 4695 studiocuret
772 4617 922 4691 laudem
940 4629 1183 4717 vestrumque
1201 4621 1400 4695 decorem?

402 4729 501 4806 Hinc
519 4738 644 4801 vastos
662 4726 801 4826 pratis,
819 4722 990 4822 ingentia
1008 4751 1184 4826 corpora,
1202 4740 1330 4802 tauros

398 4838 600 4927 Errantes,
619 4832 722 4907 illinc
742 4829 916 4907 mentitas
934 4831 1052 4905 serica
1067 4835 1172 4909 lanas

401 4944 559 5022 Cernitis
578 4953 615 5015 et
634 4939 793 5039 pingves
811 4938 991 5036 pecudes,
1009 4965 1076 5037 per
1094 4940 1252 5015 flumina
1271 4964 1437 5040 puppeS,

400 5050 504 5143 Quas
522 5072 641 5148 vapor
659 5046 857 5134 acceleret,
876 5043 1095 5142 volitantes,
1115 5062 1151 5123 et
1170 5049 1263 5146 pede
1283 5046 1405 5121 ventis
