4084 6000
986 978 1007 1019 lt

856 1042 877 1082 ff
1003 1083 1008 1088 ,
1116 1041 1136 1080 {¹

417 1200 520 1282 Pone
539 1194 642 1270 subit
659 1195 864 1282 Petrus,
882 1191 1027 1267 meritis
1045 1191 1241 1294 signisque
1259 1185 1437 1288 decorus,

469 1322 486 1335 ··
521 1301 752 1400 Conspicuus
771 1299 911 1398 titulis,
929 1298 1224 1394 muneribusque
1243 1300 1384 1400 gravis.

416 1411 521 1484 Anne
540 1408 678 1481 vides?
697 1418 839 1504 quanto
857 1405 1007 1504 pietatis
1026 1405 1170 1479 ferveat
1187 1419 1314 1498 aestu,

523 1515 576 1592 Ut
592 1514 722 1588 trahat
740 1513 915 1610 exemplo
934 1511 1087 1611 singula
1104 1514 1219 1586 corda
1236 1517 1335 1589 suo‘?

418 1623 501 1721 Ipse
520 1621 608 1694 licet
626 1620 778 1711 sileam,
795 1617 930 1710 sentis,
948 1642 970 1691 0
989 1619 1164 1710 Oolocza,
1182 1619 1296 1693 sentis

522 1727 710 1826 Propitius
727 1738 833 1800 tanto
851 1726 1027 1824 praesule
1040 1749 1162 1798 nonne
1180 1724 1311 1798 vices?

416 1834 485 1908 Ille
503 1835 616 1909 decus
634 1833 798 1932 patriae,
815 1842 1011 1929 pastorum
1025 1830 1173 1931 gloria,
1191 1831 1283 1905 cleri

521 1940 553 2016 F
554 1941 723 2030 ulcrum,
739 1938 927 2012 virtutum
944 1938 1168 2038 symbolon,
1185 1937 1276 2012 artis
1293 1963 1417 2036 amor,

416 2047 643 2120 Borromeus
660 2045 762 2140 vita,
779 2068 948 2119 sermone
966 2044 1259 2145 chrysostomus
1277 2046 1392 2138 alter,

520 2150 702 2226 Munifico
720 2153 864 2225 dudum
882 2149 1006 2225 notior
1021 2149 1258 2247 usqueTito:

416 2258 485 2333 Ille
502 2257 627 2349 subit,
644 2282 770 2331 raram
786 2257 1001 2349 illustrans,
1019 2281 1090 2332 ceu
1106 2282 1281 2358 gemma,
1299 2283 1496 2352 coronam,

522 2364 698 2459 Dumque
714 2363 817 2436 subit
834 2363 949 2438 tacito
968 2363 1112 2464 gaudia
1128 2365 1240 2439 corde
1259 2363 1381 2440 fovet,

418 2472 590 2547 Pastores
607 2470 734 2562 viduis
751 2469 915 2543 laetatur
930 2470 1095 2544 ovilibus
1112 2467 1184 2574 illel

521 2577 670 2675 Quippe
687 2575 785 2667 dari,
803 2574 969 2675 insignes
987 2576 1185 2676 relligione
1203 2574 1316 2649 viros

419 2681 467 2773 Se
486 2708 638 2779 quoque
656 2682 838 2773 laetatur,
855 2682 988 2755 divina
1006 2683 1112 2783 lege,
1130 2680 1322 2756 ministros
1366 2678 1368 2682 ’
1476 2705 1481 2714 ·

522 2788 815 2886 ΑᾱάἰοιοΙοοθΙίε
832 2812 940 2888 posse
958 2812 1092 2887 parare
1108 2788 1230 2889 gregi.

984 2946 1005 2987 tt

854 3010 878 3051 ὕ
1112 3010 1135 3053 b

418 3110 491 3186 Sed
509 3110 585 3184 iam
604 3133 663 3183 res
680 3110 820 3211 agitur.
839 3110 994 3209 Cupidis
1012 3123 1222 3210 spectemus
1241 3112 1388 3204 ocelliS,

523 3215 732 3313 Nostraque
750 3216 825 3291 sint
841 3216 1016 3316 precibus
1033 3243 1205 3319 congrua
1222 3230 1312 3293 vota
1329 3219 1412 3317 piis.
1530 3216 1532 3221 ’

417 3323 658 3398 Praesulibus
676 3323 843 3418 cinctum
862 3337 1033 3423 spectans
1051 3327 1266 3423 procedere,
1285 3326 1492 3401 Paulum

523 3429 636 3529 Cingi
653 3429 831 3525 utrinque
848 3430 933 3506 Tito
950 3431 1310 3527 Timotheoq‘ue
1327 3444 1446 3533 putes.

416 3534 576 3609 Aemula
594 3560 758 3631 namque
776 3536 852 3609 illis
869 3536 969 3611 vivit
987 3541 1058 3611 sub
1076 3550 1233 3637 pectore.
1242 3539 1387 3631 virtus,

521 3637 671 3737 Parque
688 3642 758 3717 Dei
768 3655 814 3717 et
830 3654 978 3717 sanctae
995 3644 1205 3744 relligionis
1223 3668 1339 3719 amor.

418 3747 552 3821 Adstat
569 3748 871 3841 Alexander,
890 3775 966 3845 quo
984 3775 1108 3824 sacros
1126 3750 1277 3825 hauriat
1293 3750 1413 3851 ignee,

522 3852 655 3944 Quove
672 3854 813 3954 triplex
830 3856 966 3930 Elias
984 3856 1125 3957 migret
1141 3857 1179 3929 in
1198 3854 1428 3931 Eliseum.

418 3958 554 4034 Oscula
571 3961 741 4035 delibant
757 3962 891 4061 capiti,
908 3963 1010 4058 quod
1028 3962 1208 4061 praesulis
1225 3963 1359 4062 ingens

522 4068 602 4140 Iam
619 4067 794 4166 deinceps
811 4094 938 4142 rerum
956 4094 1047 4146 cura
1064 4069 1244 4164 laborque
1262 4080 1415 4169 premet.

418 4170 586 4271 Ungitur
601 4185 638 4247 et
656 4174 828 4266 domino,
846 4186 1092 4275 gratumque
1111 4176 1225 4273 spiret
1243 4178 1412 4268 odorem,

523 4279 609 4353 Sive
628 4305 754 4379 preces
773 4280 928 4374 fundat,
946 4283 1027 4355 sive
1044 4292 1210 4356 resumat
1226 4307 1331 4381 opus

418 4384 564 4483 Accipit
581 4398 620 4459 et
637 4386 787 4460 mitras:
806 4387 872 4462 en!
890 4414 1006 4485 quam
1024 4392 1120 4462 bene
1137 4389 1278 4463 vertice
1297 4391 1428 4464 eodem

521 4490 635 4565 Mitra
651 4517 739 4566 cum
756 4492 874 4568 bifida
893 4496 1023 4569 laurus
1042 4493 1157 4569 odora
1175 4494 1295 4571 sedet!
1366 4508 1368 4513 ’

416 4594 583 4692 Moxque
601 4601 697 4696 pedo
715 4601 890 4691 ornatur,
909 4625 984 4696 quo
1001 4601 1124 4675 tristia
1142 4625 1312 4696 quaeque
1331 4598 1499 4701 fugabit,

520 4701 626 4793 Quae
644 4728 792 4778 sacmm
808 4706 961 4780 valeant
978 4709 1250 4781 commaculare
1268 4731 1436 4807 gregem.

415 4808 588 4903 Denique
606 4822 696 4885 vota
713 4822 865 4892 sonant:
883 4814 1085 4895 multos-ut
1102 4813 1208 4888 vivat
1224 4813 1263 4887 in
1282 4838 1409 4889 annos.

521 4915 554 4991 Ο
572 4918 696 4992 rutilis
713 4917 858 4992 utinam
877 4919 953 4992 sint
971 4929 1054 4993 rata
1070 4930 1160 4995 vota
1177 4920 1290 5021 polis!

1326 5120 1463 5207 4*
