4084 6000
1021 667 1098 743 238

633 879 752 956 Sortis
770 881 887 980 gestit
904 903 1035 956 amens
1052 879 1211 982 iungere
1228 888 1363 956 mutuo

738 987 950 1086 Amplexu,
975 988 1063 1063 salit
1079 987 1234 1063 intimae

633 1093 769 1170 Sensus
787 1095 954 1171 laetitiae
973 1107 1138 1193 quantus
1155 1096 1196 1170 in
1214 1096 1388 1172 omnibus

739 1202 861 1278 Fibris
880 1215 924 1279 ut
942 1204 1058 1297 mihi,
1076 1204 1129 1279 sic
1148 1202 1238 1279 tibil
1324 1265 1327 1271 .

632 1309 684 1384 Te
704 1311 800 1386 sacri
818 1321 1017 1412 penetrans
1036 1311 1176 1408 eloquii
1193 1313 1294 1386 nitor

740 1420 793 1494 Ac
811 1419 890 1511 vie,
914 1420 1111 1515 multaque
1130 1419 1274 1520 gratia,

631 1521 707 1600 Nee
726 1551 801 1600 non
819 1551 911 1601 eura
927 1525 1057 1628 gregis
1075 1528 1206 1602 sedula
1223 1525 1355 1602 crediti
1470 1593 1484 1622 ,

736 1633 869 1709 Iunxit
885 1658 1075 1734 purpureo
1094 1645 1245 1736 patrum

632 1739 751 1816 Albae
770 1739 947 1816 coneilio:
966 1741 1092 1817 isthuc
1110 1767 1233 1816 eomes
1249 1741 1281 1816 it
1297 1739 1370 1817 tibi

738 1849 849 1925 Coelo
867 1873 967 1924 nexa
983 1847 1099 1943 fides,
1122 1850 1186 1924 cui
1315 1872 1318 1880 ’

634 1957 680 2032 Se
698 1958 837 2032 eander
853 1955 1018 2051 sociant,
1037 1959 1213 2053 nudaque
1230 1954 1393 2047 veritas,

738 2063 787 2138 Et
803 2063 893 2138 iu'sti
910 2065 1080 2139 studium
1097 2067 1286 2165 flagrans,

632 2170 681 2245 Et
699 2182 863 2272 cognata
881 2171 977 2270 polis
995 2171 1273 2269 munificentia3
1430 2252 1435 2271 k

585 2297 586 2304 ’
738 2277 863 2370 Quam
882 2279 1027 2353 dudum
1046 2282 1137 2353 orba
1155 2278 1374 2377 parentibus

632 2381 681 2459 Et
698 2388 832 2478 turba,
850 2394 887 2460 et
904 2386 1061 2479 viduae,
1080 2397 1252 2482 sorteque
1270 2383 1402 2461 nubile

737 2492 861 2568 Pressi
879 2517 972 2567 voce
990 2494 1054 2592 pia
1073 2504 1216 2569 sonant.

632 2599 684 2674 Ar
700 2625 759 2675 me
777 2610 1029 2700 praeteream
1047 2600 1140 2697 quid
1157 2599 1284 2699 potius
1302 2600 1440 2675 iuvet?

738 2705 861 2798 Quam
879 2732 1064 2808 propensa
1080 2717 1169 2782 tuae
1187 2707 1284 2782 mihi

631 2814 781 2890 Frontis
799 2815 1016 2914 temperies,
1040 2817 1215 2912 nubeque
1232 2813 1353 2890 libera

738 2922 892 3021 Faetus3
912 2946 989 3020 qua
1007 2920 1163 3023 recipie,
1181 2922 1237 2996 tui
1327 3018 1330 3021 .

632 3029 865 3127 Partirisque
882 3029 972 3105 laris
991 3032 1210 3123 commoda,
1237 3027 1379 3131 gaudia
1461 3067 1464 3071 1

737 3140 898 3215 Mecum:
924 3150 1025 3213 atras
1044 3136 1159 3212 animi
1178 3135 1318 3238 fugans

632 3246 771 3335 Cures,
789 3257 826 3321 et
844 3245 1016 3319 relevans
1035 3244 1218 3344 languida
1235 3255 1395 3345 pectora.

739 3351 800 3428 sie
817 3363 855 3426 te
873 3352 1024 3451 praesul
1042 3363 1143 3426 amet
1158 3363 1269 3446 tune,

632 3459 821 3559 Ignari,
846 3469 891 3532 ut
909 3459 1021 3533 celeri
1039 3458 1192 3535 sedulus
1210 3458 1383 3535 immines

737 3566 828 3641 Eius
846 3565 1020 3667 vestigiis
1028 3567 1144 3666 xpede.

632 3674 821 3750 Fortunae
838 3673 1005 3749 volucris
1024 3672 1236 3775 diffugiunt
1252 3678 1353 3751 bona

737 3780 1060 3874 Umbraeinstar,
1078 3782 1237 3857 memori
1254 3780 1327 3856 nisi

631 3890 747 3967 Glavo
765 3888 945 3966 obstricta
963 3887 1077 3965 nimis
1094 3900 1247 3991 pectora
1263 3884 1430 3963 fixerint.
