4084 6000
960 647 1035 721 113

417 863 477 939 Sic
495 863 657 938 humiles
675 861 770 934 solet
787 858 864 934 alta
881 862 1015 935 cedrus
1035 883 1212 958 superare
1230 859 1416 961 myricas,

518 970 572 1046 Ut
590 977 742 1069 superat
759 966 926 1064 reliquas
944 967 1014 1042 iste
1033 966 1205 1043 Tibiscus
1224 991 1352 1064 aquas.

415 1075 496 1153 Vix
514 1077 655 1178 primos
674 1073 816 1167 sontes,
835 1074 1026 1175 praecelsa
1042 1073 1259 1166 cacumina,
1277 1073 1436 1171 linquit,

519 1185 613 1261 Mox
630 1181 777 1284 placido
795 1193 948 1258 vastum
965 1192 1115 1284 tergore
1135 1191 1260 1283 gestat
1277 1207 1382 1258 onus.

415 1291 588 1385 Robora,
606 1291 668 1365 vel
687 1289 818 1390 pinus,
835 1291 898 1365 vel
915 1291 1049 1391 longas
1068 1289 1223 1365 devehit
1240 1289 1365 1384 alnos,

515 1397 779 1476 Deseruituras
797 1398 950 1490 usibus,
968 1399 1128 1492 Hunne,
1144 1397 1233 1471 tuis.

413 1507 682 1616 Progreditur,
698 1504 945 1606 lymphisque
962 1528 1100 1580 novem
1119 1505 1281 1580 sociatus
1290 1559 1300 1596 ,
1321 1504 1454 1580 iisdem

516 1616 557 1691 Ic
575 1612 704 1706 dictis,
721 1612 844 1713 patrio
862 1613 1013 1689 nomine
1032 1613 1137 1689 Tit-a
1155 1623 1271 1687 sonat.

417 1720 572 1818 Iamque
589 1731 689 1796 rates
706 1721 843 1796 celeres
861 1721 938 1796 sale
955 1721 1079 1796 multo
1097 1721 1218 1796 cernis
1236 1729 1389 1796 onustas

515 1829 623 1904 Illius
639 1827 807 1904 vitreum
822 1826 967 1903 findere
985 1853 1095 1930 saepe
1114 1829 1267 1903 vadum.

412 1935 514 2012 Dum
534 1945 834 2038 praetergressus
850 1947 1020 2029 mentae,
1040 1961 1107 2037 per
1126 1936 1253 2036 aprica
1272 1947 1455 2037 vagantes

519 2042 708 2120 Diffundit
724 2068 871 2138 ramos,
888 2068 1056 2141 arvaque
1075 2044 1174 2119 sicca
1191 2043 1303 2145 rigat.

413 2149 598 2227 Innocuas
616 2150 738 2253 igitur
756 2149 898 2227 frustra
915 2153 1126 2252 culpaveris
1144 2154 1285 2245 undas,

468 2338 473 2347 ,
516 2259 586 2352 Ni,
604 2261 705 2356 quod
724 2257 929 2360 profuerit,
947 2257 1025 2334 fors
1044 2260 1218 2335 nocitura
1236 2269 1354 2360 putes.

413 2363 609 2457 Quantum
627 2366 832 2470 diffugiens
849 2369 896 2442 de
913 2367 1001 2443 latis
1019 2367 1197 2444 deraserit
1214 2367 1339 2470 agris;

516 2473 698 2550 Munifica
715 2485 865 2549 tantum
883 2476 949 2549 dat
967 2501 1067 2551 nova
1086 2477 1184 2550 dona
1202 2489 1328 2549 manu.

412 2581 512 2681 Apta
529 2580 615 2656 foco
631 2583 815 2679 tectisque
834 2581 1010 2679 frequens
1029 2583 1119 2657 hinc
1137 2583 1263 2682 surgit
1281 2585 1448 2674 arund0,

519 2690 657 2766 Iuncus
674 2716 742 2790 pro
761 2689 920 2765 calathis
938 2690 1104 2790 optimus
1122 2690 1209 2765 inde
1228 2690 1336 2764 viret.

413 2795 486 2872 Hic
503 2797 702 2897 scolopax,
721 2797 784 2870 hic
803 2821 931 2888 anser,
949 2823 1061 2890 anas,
1077 2797 1282 2893 variaeque
1300 2797 1471 2872 volucres

518 2904 683 3006 Agmina
698 2929 766 3005 per
784 2929 935 3005 campos
953 2906 1089 2980 ducere
1109 2907 1223 2979 densa
1242 2903 1371 2979 solent.

415 3011 454 3089 Si
472 3014 635 3115 grandes
652 3012 782 3087 videas
800 3036 944 3113 puppes
961 3012 1123 3089 volitare
1141 3012 1311 3105 Tibisco,

519 3118 621 3195 Scito
640 3120 749 3195 novis
767 3120 909 3219 patriae
928 3121 1026 3194 velle
1044 3123 1193 3196 studere
1212 3120 1344 3195 modis.

415 3225 497 3302 Hae
515 3224 621 3303 fumo
639 3226 797 3304 utilibus
816 3229 1053 3328 complentur
1070 3228 1219 3327 saepius
1237 3228 1387 3321 herbiS,

517 3332 626 3409 Nunc
644 3333 796 3437 fruges,
815 3333 983 3427 fructus,
1000 3335 1126 3439 tigna,
1144 3339 1345 3431 trabesque
1362 3336 1519 3412 vehunt.

414 3441 513 3517 Dum
532 3443 664 3541 procul
678 3443 739 3517 his
756 3443 887 3543 populi
907 3467 986 3517 sors
1004 3446 1101 3518 dura
1119 3441 1277 3543 fugatur
1294 3443 1459 3545 egentis,

517 3550 742 3626 Accumulat
759 3550 930 3649 pulchras
948 3549 1065 3625 ditior
1082 3550 1203 3627 omnis
1224 3575 1322 3650 opes.

413 3657 538 3734 Parva
555 3680 669 3750 cano,
687 3658 863 3753 quamvis
881 3657 1015 3733 merito
1034 3658 1109 3733 sint
1126 3657 1315 3751 maxima,
1333 3668 1476 3734 vestras

519 3764 651 3839 Dicere
669 3765 706 3840 si·
717 3765 867 3859 laudes,
886 3790 970 3841 care
988 3765 1156 3860 Tibisce,
1175 3766 1301 3839 velim.

415 3869 557 3947 Cuncta
574 3873 695 3947 solent
712 3872 851 3973 passim
870 3873 1010 3972 positas
1030 3875 1211 3949 excedere
1230 3872 1331 3971 ripas

516 3979 712 4073 Flumina,
730 4004 818 4053 nam
836 3980 1001 4055 tumidas
1020 3980 1114 4075 quid
1132 3978 1349 4079 prohibebit
1367 3983 1515 4076 aquas?

412 4086 481 4163 Est
497 4087 613 4163 etiam
629 4086 824 4187 proprium
844 4112 980 4180 naves,
998 4098 1036 4161 et
1054 4088 1251 4163 commoda
1269 4085 1395 4187 regnis

518 4194 650 4288 Ferre,
667 4194 807 4291 quibus
824 4194 954 4270 fluviis
971 4194 1102 4271 Thetis
1123 4194 1244 4269 amica
1261 4192 1376 4269 favet.

415 4302 464 4377 At
480 4302 648 4401 sapidos,
666 4325 827 4398 quorum
844 4302 915 4380 tibi
933 4301 1042 4403 copia
1060 4302 1249 4396 maxima,
1268 4302 1387 4402 pisces

518 4409 622 4502 Non,
640 4418 684 4485 ut
701 4419 765 4502 tu,
783 4410 946 4506 quodvis
962 4413 1104 4485 flumen
1121 4410 1261 4486 habere
1280 4409 1384 4484 solet.

414 4516 553 4594 Lucius
572 4516 634 4592 hic
652 4517 845 4613 salmoque
863 4516 1061 4615 frequens,
1080 4518 1273 4619 acipenser
1291 4527 1329 4592 et
1346 4515 1463 4611 huso,

425 4666 429 4675 ·
520 4624 647 4700 Sturio
664 4650 752 4703 cum
770 4624 934 4717 cancriS,
951 4626 1097 4725 carpi0,
1115 4651 1227 4727 perca
1244 4634 1387 4699 natant.
1478 4712 1481 4717 Ι
1557 4712 1559 4719 y

413 4730 498 4807 Non
514 4731 610 4806 mihi
627 4730 804 4829 credetis,
823 4735 889 4808 sed
906 4732 1046 4808 credite
1064 4725 1156 4809 vera
1172 4732 1364 4831 loquenti,
1409 4740 1411 4745 '

520 4838 602 4914 Vix
619 4850 772 4940 superat
788 4839 908 4939 pisces
926 4849 984 4914 ter
1000 4841 1096 4916 levis
1115 4843 1217 4919 unda
1235 4865 1332 4917 suos

415 4945 563 5021 Vicinis
581 4946 671 5021 hinc
689 4946 754 5022 ille
771 4947 916 5049 plagis,
934 4946 1024 5022 hinc
1038 4948 1105 5024 ille
1123 4948 1276 5025 remotis

522 5053 643 5129 Vivus
661 5055 722 5129 vel
741 5054 857 5129 siccos
874 5053 1111 5155 suppeditare
1131 5056 1243 5131 valet.

1392 5161 1416 5236 8
