4084 6000
1028 652 1102 726 100

483 865 631 942 Coniux
651 873 764 958 atque
784 876 911 961 pater,
929 891 1003 940 non
1020 866 1097 940 icm
1117 875 1243 963 puter,
1261 873 1300 936 et
1317 885 1439 957 neque
1458 863 1616 938 coniux!

587 971 680 1062 Quis
697 970 768 1044 tibi
786 973 957 1048 restituet
975 973 1132 1048 nornine
1147 980 1254 1045 tantu
1271 971 1405 1044 Deus‘?
1483 1011 1486 1021 ·

482 1079 620 1175 Ecquis
639 1078 710 1153 erit
728 1078 878 1175 placida
895 1082 1036 1155 relevet
1054 1079 1120 1174 qui
1141 1102 1234 1153 voce
1252 1078 1451 1152 dolorem?

586 1185 722 1286 Aegris
741 1211 874 1285 nempe
892 1189 1029 1262 animis
1048 1187 1254 1285 pharmaco
1273 1185 1379 1260 nullu
1396 1185 1534 1260 valent.
1579 1191 1588 1204 '

480 1291 629 1394 Ergone
649 1303 848 1393 perpetuae
868 1295 1032 1369 lucerent
1050 1307 1117 1369 tun
1136 1303 1289 1392 pectora
1308 1316 1438 1385 curce,

585 1401 634 1475 Et
652 1400 817 1474 lacrimis
837 1427 1001 1498 nequeas
1019 1426 1157 1502 ponere
1175 1400 1260 1474 iura
1275 1400 1384 1474 tuis‘?

478 1509 650 1584 Forsitan
669 1506 763 1581 haec
781 1509 876 1585 alios
896 1535 976 1585 sors
996 1508 1208 1609 frangeret:
1228 1520 1267 1582 at
1284 1507 1356 1582 tibi
1376 1507 1443 1582 Ko
1454 1533 1512 1608 pp
1522 1533 1552 1609 y

418 1615 420 1619 ’
585 1615 706 1690 Altior
723 1615 763 1688 in
782 1613 870 1690 forti
887 1629 1037 1716 pectore
1056 1641 1185 1691 sensus
1204 1617 1310 1689 inest.

479 1724 590 1798 Hunc
608 1723 680 1797 tibi
700 1722 850 1824 relligio
869 1726 1019 1800 coelesti
1037 1727 1123 1800 sede
1143 1722 1330 1822 profecta,

583 1830 694 1920 Hunc
713 1831 834 1903 multo
853 1833 948 1907 ratio
968 1835 1071 1907 culta
1089 1832 1216 1906 labore
1236 1830 1348 1905 dedit.
1454 1907 1456 1912 ,

439 1937 458 1974 ““·
480 1937 581 2014 Soles
600 1931 734 2035 nempe
753 1937 858 2011 vides
877 1941 1031 2035 quosvis
1050 1951 1248 2038 properare
1269 1935 1445 2038 fugaceS,

458 2096 462 2107 ·
494 2105 497 2113 .
558 2082 562 2091 ·
581 2044 767 2140 'Quaeque
782 2048 847 2118 dut
865 2047 926 2120 his
944 2048 1076 2138 terris,
1094 2071 1186 2120 mox
1205 2045 1305 2145 rupit
1322 2046 1409 2120 inde
1429 2046 1608 2122 Chronos,
1638 2073 1641 2078 ·
1679 2043 1682 2052 “

480 2152 574 2231 vitu·
588 2153 681 2228 haec
700 2154 810 2247 sique
828 2155 928 2252 parit
945 2155 1098 2245 solatia,
1117 2154 1222 2228 nulla
1239 2159 1463 2251 perennant,

584 2259 738 2333 lnlirrno
756 2272 890 2334 nutant
909 2262 1052 2361 gaudio
1070 2272 1198 2336 nostra
1216 2262 1320 2358 pede.

479 2367 641 2457 Felices,
659 2392 820 2462 quorum
841 2382 1109 2467 postuequora
1127 2369 1229 2442 victu
1247 2368 1414 2460 carinae,
1482 2369 1487 2376 ’

584 2473 782 2550 Fluctibus
800 2487 966 2576 ereptae,
985 2477 1097 2551 litora
1115 2487 1200 2550 tute
1215 2477 1361 2549 tenenti
1429 2525 1434 2536 ‚

478 2585 629 2674 Litore,
646 2607 743 2678 quae
762 2582 940 2658 effectum
959 2610 1034 2659 non
1053 2585 1207 2658 horrent
1224 2583 1374 2657 turbine
1394 2608 1525 2675 saevo,

580 2690 742 2767 invidus
760 2690 863 2765 haud
881 2692 1005 2791 potuit
1024 2717 1169 2787 quaeve
1188 2691 1316 2766 subire
1333 2690 1463 2764 Notus.
1511 2696 1514 2708 '

479 2798 634 2874 Histua
652 2822 751 2872 nunc
769 2798 910 2872 coniux
928 2798 966 2873 in
984 2801 1135 2875 sedibus
1154 2799 1257 2872 ecce!
1276 2797 1397 2871 locuta

585 2905 749 2983 lnnocuo
768 2906 901 3005 recipit
914 2908 1062 3007 ,gaudia
1081 2932 1176 3007 pura
1195 2907 1290 2979 sinu.

480 3014 664 3109 Quodque
682 3014 788 3111 pium
808 3016 976 3089 cumulet
993 3040 1168 3107 sensum,
1187 3040 1261 3088 non
1280 3014 1377 3109 solc3
1398 3015 1462 3087 sed
1479 3012 1563 3086 illi

584 3119 725 3212 Natus,
743 3132 840 3195 sorte
858 3123 961 3220 pari,
980 3122 1096 3221 stipat
1114 3122 1255 3216 ubique
1274 3122 1382 3195 lctus.

478 3230 532 3303 lte
551 3229 605 3327 pii
624 3253 771 3319 manes,
790 3228 920 3303 divino
939 3240 1288 3318 noctemnoctem,

585 3333 700 3424 (Nam
718 3336 905 3409 meruistis
923 3337 1045 3425 idem)
1063 3336 1134 3409 rite
1153 3338 1276 3409 levate
1296 3334 1408 3409 sitim.

479 3444 560 3517 Hoc
580 3442 699 3541 pictas
716 3444 845 3533 vobiS‚
863 3443 935 3516 hoc
953 3444 1050 3519 labis
1065 3444 1193 3518 nescia
1211 3444 1312 3534 vitu,

586 3550 668 3631 Hoc
686 3551 854 3624 studium
871 3551 964 3647 recti
983 3550 1206 3651 relligioque
1225 3553 1411 3651 flagrans,

480 3658 561 3731 Hoc
579 3682 698 3756 prone
715 3654 877 3732 afflictos
895 3682 1041 3758 semper
1059 3659 1226 3737 relevare.
1245 3660 1422 3732 voluntas

574 3763 775 3865 2Porrigit‚
794 3765 865 3841 hoc
883 3768 1023 3841 candor
1041 3792 1219 3862 mensque
1238 3766 1407 3839 revincta
1426 3764 1531 3861 polis,

480 3873 666 3963 Tuvcro,
685 3874 801 3947 donec
819 3898 899 3947 sors
917 3900 1004 3972 par,
1028 3873 1233 3970 laurusque
1252 3882 1426 3963 coronet,

586 3978 792 4071 virbone,
811 3978 890 4070 fac,
911 3982 1055 4081 superis
1073 3981 1201 4059 debita
1218 3981 1333 4057 thura
1351 3980 1446 4053 lites.

482 4088 560 4163 Scis
578 4090 673 4163 benc
684 4112 828 4182 ⁷¹quum
846 4086 988 4163 fuerint
1006 4088 1302 4165 coelomortulic
1321 4111 1453 4183 curue3

585 4194 666 4275 Scis
681 4198 800 4287 ‚tene,
818 4221 935 4291 quam
952 4197 1049 4271 mire
1067 4222 1133 4271 nos
1152 4205 1357 4296 regaturne
1374 4195 1486 4269 Deus.

478 4302 674 4400 Fortibus,
692 4313 736 4377 ut
752 4304 868 4396 nosti,
886 4307 1008 4403 pudor
1026 4314 1245 4401 exspectare
1262 4303 1456 4394 levamen,

584 4410 769 4509 Tempora
786 4412 975 4487 debilibus
994 4410 1185 4506 quodnisi
1203 4411 1317 4510 longa
1335 4408 1473 4485 ferunt.
1515 4447 1519 4456 ·

480 4515 638 4612 Quaque
656 4529 783 4616 potes,
801 4528 939 4619 vegeto
957 4520 1085 4593 valeas
1102 4529 1146 4591 ut
1164 4544 1336 4617 corpore,
1354 4542 1464 4614 cura3

585 4624 734 4717 Multis,
749 4650 821 4701 nec
840 4626 981 4716 nescis,
999 4636 1056 4701 est
1072 4637 1139 4701 tue
1158 4650 1244 4699 coru
1262 4627 1373 4701 salus.

480 4730 520 4804 In
542 4742 707 4829 partem,
725 4744 769 4805 ut
788 4733 948 4823 relevet,
965 4733 1179 4807 venientem
1197 4733 1337 4831 respice
1356 4756 1522 4825 musam

550 4903 553 4911 .
584 4840 651 4930 Et,
671 4864 716 4914 ue
736 4838 812 4912 sors
832 4838 953 4913 fustra
972 4852 1170 4941 congemut
1187 4840 1272 4931 illa,
1291 4840 1388 4913 vide.

952 5059 1162 5073 m
