4084 6000
1065 615 1113 688 14

507 835 557 908 At
575 833 666 904 dum
685 829 822 928 grandi
840 829 967 901 animo
985 828 1195 904 virtutibus
1215 831 1330 904 instat
1348 834 1480 927 avitiS,

613 936 765 1027 Quanta
782 935 879 1008 heul
898 953 967 1033 pro
986 937 1126 1034 populo
1145 962 1231 1010 cum
1249 941 1463 1036 populoque
1482 946 1581 1019 tulit.

508 1043 696 1121 Sustinuit
714 1041 849 1116 mediis
866 1043 1033 1116 tumidos
1051 1045 1305 1140 penetralibus
1324 1046 1469 1142 hostes,

610 1149 774 1226 Pertulit
791 1174 813 1221 a
831 1148 956 1246 patrio
973 1148 1093 1223 tristis
1111 1154 1238 1224 abesse
1251 1145 1344 1227 lare.
1475 1193 1478 1200 ⁴

419 1240 423 1258 ’
508 1257 715 1332 Austriacis
735 1255 871 1350 aquilis
891 1257 1054 1328 succisas
1071 1257 1220 1333 viderat
1239 1260 1337 1350 alas,

612 1364 773 1438 Viderat
791 1363 922 1435 hostili
940 1363 1051 1462 signa
1069 1366 1220 1437 revulsa
1238 1390 1362 1440 manu.

506 1471 684 1570 Captivos
702 1469 825 1543 doluit
843 1481 973 1568 gentes
991 1472 1179 1564 urbesque
1197 1474 1368 1558 decorae,

611 1577 835 1670 Moeniaque
852 1575 1018 1654 infausto
1037 1573 1164 1674 sparsa
1181 1578 1301 1653 iacere
1320 1581 1409 1654 sole.

505 1683 600 1775 Quis
619 1684 773 1756 credet?
789 1680 878 1755 fuso
897 1684 1124 1756 maduerunt
1143 1685 1328 1784 sanguine
1346 1690 1490 1786 campi,

610 1791 771 1864 Decolor
787 1789 828 1860 in
842 1788 974 1862 fluviis
992 1792 1095 1862 unda
1112 1815 1243 1865 cruore
1262 1789 1346 1867 fuit.

506 1900 608 1973 Pone
627 1907 755 1970 secuta
774 1894 892 1968 fames
910 1893 1050 1970 funesti
1069 1897 1242 1972 incendia
1260 1900 1372 1991 belli,
1415 1907 1418 1915 '

610 2004 790 2097 Milleque
808 2005 1027 2076 morborum
1046 1999 1200 2095 funera,
1219 2005 1321 2080 mille
1340 2033 1458 2082 neces.

504 2111 591 2208 Ipsa
609 2113 702 2183 adeo
721 2110 860 2207 pictae,
879 2110 999 2182 veteri
1017 2111 1178 2208 spoliata
1195 2113 1347 2204 decore,
1374 2103 1376 2108 ’
1424 2175 1426 2182 s

609 2215 804 2316 Ingemuit
821 2226 963 2289 tetrum
981 2216 1077 2290 colla
1095 2217 1221 2291 levare
1241 2219 1369 2292 scelus.
1415 2261 1417 2272 ·

505 2322 699 2414 Quantum
719 2333 800 2395 erat
817 2334 856 2396 et
873 2323 1030 2396 titulum
1050 2323 1240 2398 dimittere
1259 2326 1411 2400 honoris
1430 2329 1546 2420 aviti,

609 2431 658 2504 Et
676 2430 788 2502 toties
806 2429 942 2502 dubias
960 2430 1070 2503 sortis
1090 2431 1193 2503 adire
1210 2431 1330 2506 vices!
1477 2508 1481 2515 ι

503 2537 607 2613 Proh
625 2536 770 2634 superi!
788 2559 864 2631 quo
882 2537 1065 2609 demerito
1085 2537 1291 2635 populique
1308 2551 1535 2637 patrumque
1600 2635 1602 2640 Ι

609 2644 783 2737 Summos
802 2654 979 2716 exercent
997 2641 1077 2716 fata
1095 2654 1272 2741 proterva
1289 2647 1421 2720 viros?

503 2750 694 2825 Nimirum
711 2750 855 2841 virtue,
873 2748 1036 2837 tumidis
1050 2761 1192 2824 vexata
1208 2753 1398 2849 procelliS,

402 2849 406 2859 ’
608 2856 848 2954 Splendidior
865 2880 1032 2953 semper,
1050 2856 1287 2953 nobiliorque
1306 2861 1431 2934 micat.

502 2963 667 3038 Hectora
686 2963 771 3059 quis
790 2973 935 3055 nosset,
953 2963 985 3036 si
1003 2989 1079 3037 non
1097 2976 1276 3040 certasset
1295 2966 1466 3043 Achilli?

610 3072 726 3144 Fama
744 3069 989 3144 Themistocli
1006 3073 1052 3144 de
1073 3070 1261 3146 Salamine
1279 3075 1395 3149 venit.
1420 3155 1422 3161 ,
1532 3129 1534 3137 s

504 3176 635 3277 Surgit
654 3190 691 3251 et
709 3178 854 3251 Aeneae
873 3179 919 3249 de
938 3174 1028 3250 forti
1048 3177 1173 3276 gloria¹
1188 3180 1335 3271 Turno,

607 3280 979 3358 Addiderent'Mario
997 3283 1179 3357 cimbrica
1197 3286 1297 3359 bella
1315 3282 1437 3361 decus

504 3390 686 3492 Odrysias
705 3394 833 3481 domas
852 3390 951 3463 acies
970 3395 1009 3463 et
1026 3391 1188 3488 proelia,
1208 3394 1318 3486 quale

607 3496 860 3599 Hunnyadios
879 3522 1034 3587 nomen,
1053 3497 1351 3597 Zrinyiadesque
1371 3505 1527 3577 manet?

500 3603 769 3679 Francisco
788 3604 930 3702 pariter
946 3602 1019 3693 (sic
1038 3604 1192 3677 nomina
1210 3632 1348 3705 magna
1366 3622 1590 3705 perennant)

607 3713 735 3786 Rebus
751 3711 792 3784 in
810 3710 978 3784 adversis
995 3711 1123 3807 palma
1141 3715 1307 3809 paranda
1326 3713 1410 3788 fuit.

502 3817 579 3892 Noc
598 3818 723 3892 minus
743 3817 923 3908 emeruit,
942 3819 1033 3890 dum
1052 3818 1209 3911 quaevis
1228 3823 1345 3899 ardua
1361 3821 1477 3896 nixus
1508 3870 1511 3873 -

606 3924 760 4000 Virtute
777 3934 815 3996 et
832 3924 958 3997 studio
976 3924 1316 4023 magnanimusque
1334 3930 1446 4003 subit.
1487 3996 1489 4000 .

501 4031 592 4106 Plus
611 4042 738 4105 tamen
756 4030 904 4104 auxilio
923 4029 1100 4128 superum
1118 4031 1300 4125 confisus,
1318 4038 1457 4110 amoris

608 4138 764 4235 Saepius
779 4148 821 4232 et
836 4136 928 4209 fidei
946 4139 1011 4211 dat
1023 4140 1254 4224 ‚documenta
1273 4165 1371 4215 suae.

501 4245 686 4335 Fallitur,
705 4244 851 4334 aiebat,
870 4244 937 4338 qui
955 4244 1103 4325 viribus
1124 4246 1269 4337 omnia,
1289 4272 1483 4343 quaequae

606 4352 773 4448 Impetus
792 4361 829 4423 et
848 4353 981 4423 svadet
999 4351 1144 4448 gloria,
1163 4377 1268 4449 posse
1287 4366 1406 4451 putat.

501 4458 625 4533 Altior
642 4457 803 4557 evigilat
820 4457 1044 4531 mortalibus
1062 4468 1151 4554 apta
1169 4461 1348 4559 regendis

606 4565 723 4655 Cura,
742 4589 810 4637 nec
829 4564 1006 4638 humanis
1024 4564 1155 4661 pervia
1173 4566 1392 4641 luminibus

501 4672 607 4746 Haec
626 4671 729 4744 levat
749 4696 962 4769 oppressos,
980 4671 1073 4743 haee
1092 4670 1221 4745 deiieit
1239 4698 1359 4767 aequa
1378 4680 1579 4773 superbos,

464 4831 473 4850 2
607 4780 697 4851 Inde
715 4788 869 4851 manent
887 4778 1066 4851 meritum
1085 4780 1274 4875 praemia,
1293 4805 1412 4877 poena
1430 4785 1559 4860 scelus.

500 4885 671 4959 Intonuit
689 4886 861 4958 laevum:
880 4883 1024 4982 superis
1042 4886 1142 4959 bona
1159 4889 1276 4960 verba
1294 4892 1519 4986 probantur,

604 4993 800 5088 Marteque
818 4976 1066 5066 mutattfto'rs
1083 4992 1238 5065 inimica
1257 4990 1376 5092 fugit·
1440 5031 1443 5039 ¹
