4084 6000
971 545 1021 622 43

418 758 511 851 Quis
528 767 574 834 te
594 758 807 850 candidior,
826 758 911 854 quis
928 770 974 832 te
993 759 1211 833 clementior
1229 760 1351 834 alter?

524 865 619 958 Quis
637 877 683 940 te
701 865 846 940 iustitia
864 865 942 956 (dic
961 875 1052 966 age)
1071 867 1192 942 maior
1209 880 1301 942 erat.

419 972 501 1048 Non
518 973 623 1048 tituli
640 970 785 1047 faciunt
801 999 877 1046 non
894 974 984 1046 vani
1001 999 1195 1048 murmura
1213 975 1324 1075 vulgi
1380 1029 1381 1032 ,

391 1132 406 1148 ..
522 1081 703 1171 Felicem,
722 1079 842 1154 vir‘cus
859 1092 905 1154 tc
923 1091 1007 1155 tua
1026 1082 1104 1154 sola
1123 1082 1220 1156 beat.

421 1188 469 1264 At
488 1213 563 1284 quo
581 1212 797 1278 musarum,
815 1188 985 1285 praesul,
1002 1189 1163 1264 tenearis
1182 1213 1330 1280 amere,
1421 1256 1424 1264 .
1477 1253 1482 1263 .

524 1295 693 1370 Scribere
710 1294 781 1366 vix
800 1295 914 1394 digne
932 1321 1093 1396 magnus
1112 1297 1247 1394 Apollo
1267 1296 1370 1370 sciat.

418 1403 493 1476 Enl
511 1401 654 1476 nitidae
672 1413 827 1499 serpunt
844 1403 986 1476 circum
1004 1414 1089 1476 tua
1108 1415 1278 1502 tempora
1296 1403 1416 1494 lauri,

524 1508 625 1599 Quas
644 1509 758 1582 nivea
773 1509 903 1583 vinxit
919 1510 1045 1585 Pallas
1063 1511 1185 1583 amica
1203 1535 1329 1585 manu.

419 1615 608 1690 Nimirum
626 1615 764 1715 vigiles
781 1615 1098 1690 soliccnfundere
1116 1619 1224 1692 lunas

527 1723 701 1815 Viderat,
719 1734 758 1797 el
775 1725 897 1826 multa
916 1725 1117 1799 sedulitate
1134 1749 1302 1824 gravem.

421 1829 526 1905 Sicut
545 1856 632 1928 apes
651 1841 791 1904 aestans
809 1857 910 1904 nova
927 1857 994 1929 per
1011 1834 1126 1906 florea
1144 1857 1233 1906 rura

523 1937 720 2030 ErrantaS,
739 1963 836 2036 pura
854 1939 957 2030 luce,
975 1949 1101 2013 tenere
1120 1940 1213 2014 solet

420 2046 470 2121 Te
488 2046 596 2120 labor
613 2045 804 2137 assiduus,
824 2043 938 2120 facies
955 2073 1031 2120 non
1048 2071 1125 2120 una
1142 2046 1281 2122 laboris

527 2152 743 2251 Pulpitibus
760 2152 849 2252 figit.
866 2164 994 2244 nocte,
1012 2153 1149 2249 dieque
1165 2154 1277 2228 tuis.

419 2260 509 2334 Inde
526 2259 656 2360 thymi
675 2270 759 2334 tua
776 2260 917 2359 scripta
934 2259 1286 2362 lument‘fragantis
1306 2262 1440 2352 odore,

524 2365 673 2466 Ingenii
690 2366 778 2440 inde
796 2368 873 2440 tui
890 2369 1049 2442 fiumina
1065 2379 1176 2442 vasca
1193 2372 1328 2444 fluunt.

420 2472 624 2549 Consilium
642 2498 700 2548 res
718 2499 824 2548 sacra
842 2486 979 2549 tunm
997 2476 1198 2575 cupiatque
1216 2474 1393 2574 profana,
1412 2500 1413 2506 ¹

524 2580 645 2673 Num,
664 2605 779 2676 quem
796 2608 873 2656 non
890 2583 1016 2657 valeas
1035 2584 1199 2675 solvere,
1219 2585 1339 2656 nodus
1358 2580 1460 2655 erit?

419 2687 472 2762 Ut
490 2698 644 2762 cunctos
663 2691 795 2762 doctae
812 2691 953 2763 mulcet
969 2689 1148 2764 facundia
1166 2688 1336 2790 linguae!

524 2795 682 2895 Ignibus
699 2808 743 2870 ut
761 2796 874 2869 sacris
892 2797 1037 2895 percita
1055 2799 1167 2871 corda
1185 2796 1302 2895 rapis!

419 2902 560 2976 Felices
578 2902 740 2976 nimium
757 2905 949 3003 praeclaro
967 2905 1040 2978 hoc
1058 2905 1228 3003 praesule
1246 2903 1435 2997 Quinque·

524 3009 722 3103 Ecclesiae,
740 3012 871 3111 patriis
890 3015 981 3087 urbs
999 3011 1187 3087 celebrata
1205 3012 1346 3112 plagis!

420 3116 541 3192 Tanta
558 3118 630 3193 tibi
647 3118 770 3193 virtus
788 3120 948 3218 posthac
963 3145 1032 3195 sua
1049 3120 1195 3194 lumina
1212 3120 1360 3209 vibrat,

524 3226 583 3300 An
601 3252 676 3299 non
693 3226 859 3302 laetitiae
876 3228 990 3302 mella
1008 3228 1140 3326 cupita
1158 3227 1283 3327 legis?

421 3331 590 3431 Aspicis,
609 3332 748 3409 affectu
766 3358 842 3430 quo
861 3346 1033 3435 pastor
1051 3336 1166 3409 ovilia
1185 3336 1319 3409 curet?
1414 3387 1417 3397 f

526 3439 691 3538 Aspicis,
709 3452 754 3515 ut
769 3454 924 3519 cunctas
941 3468 1092 3518 noscere
1110 3452 1237 3543 poscat
1256 3443 1374 3515 oves'?

421 3546 542 3638 Paks,
560 3546 784 3641 Snelrszard,
802 3550 920 3625 Tolna
938 3550 1156 3646 aequaevis
1175 3547 1406 3623 contermina
1424 3547 1536 3621 lellus

524 3654 689 3729 Virtutis
705 3682 813 3731 rarae
830 3658 993 3757 pignora
1009 3669 1119 3758 grata
1137 3668 1280 3731 sonant.

421 3760 469 3835 Et
485 3787 603 3861 grege
621 3788 709 3837 cum
725 3765 825 3839 laeto
842 3791 910 3863 pro
930 3790 1016 3838 caro
1035 3766 1205 3864 praesule
1222 3763 1355 3859 coelis,

524 3868 715 4005 Ignatii
732 3903 858 3979 fausta
875 3906 960 3981 luce
973 3907 1143 4019 'micante
1161 3902 1283 3980 litant.

892 4252 1102 4265 m...
