<?xml version="1.0" encoding="UTF-8"?>
<!DOCTYPE html PUBLIC "-//W3C//DTD XHTML 1.0 Transitional//EN"
    "http://www.w3.org/TR/xhtml1/DTD/xhtml1-transitional.dtd">
<html xmlns="http://www.w3.org/1999/xhtml" xml:lang="en" lang="en">
 <head>
  <title>
</title>
<meta http-equiv="Content-Type" content="text/html;charset=utf-8" />
  <meta name='ocr-system' content='tesseract 3.04.00' />
  <meta name='ocr-capabilities' content='ocr_page ocr_carea ocr_par ocr_line ocrx_word'/>
</head>
<body>
  <div class='ocr_page' id='page_1' title='image "./poematumlibrise00jallgoog_0254.png"; bbox 0 0 4084 6000; ppageno 0'>
   <div class='ocr_carea' id='block_1_1' title="bbox 965 548 1175 716">
    <p class='ocr_par' dir='ltr' id='par_1_1' title="bbox 965 548 1175 716">
     <span class='ocr_line' id='line_1_1' title="bbox 965 548 1175 716; baseline 0.005 -1"><span class='ocrx_word' id='word_1_1' title='bbox 965 548 1175 716; x_wconf 68' lang='lat' dir='ltr'><strong>..n</strong></span> 
     </span>
    </p>
   </div>
   <div class='ocr_carea' id='block_1_2' title="bbox 541 803 1335 1662">
    <p class='ocr_par' dir='ltr' id='par_1_2' title="bbox 541 803 1335 1662">
     <span class='ocr_line' id='line_1_2' title="bbox 542 803 1229 898; baseline 0.001 -17"><span class='ocrx_word' id='word_1_2' title='bbox 542 804 636 898; x_wconf 93' lang='lat' dir='ltr'><strong>Hic,</strong></span> <span class='ocrx_word' id='word_1_3' title='bbox 655 813 693 880; x_wconf 85' lang='lat' dir='ltr'><strong>et</strong></span> <span class='ocrx_word' id='word_1_4' title='bbox 710 803 870 878; x_wconf 83' lang='lat' dir='ltr'><strong>caducus</strong></span> <span class='ocrx_word' id='word_1_5' title='bbox 888 803 1024 878; x_wconf 90' lang='lat' dir='ltr'><strong>mentis</strong></span> <span class='ocrx_word' id='word_1_6' title='bbox 1042 805 1092 880; x_wconf 82' lang='lat' dir='ltr'><strong>ab</strong></span> <span class='ocrx_word' id='word_1_7' title='bbox 1109 807 1229 882; x_wconf 80' lang='lat' dir='ltr'><strong>ardua</strong></span> 
     </span>
     <span class='ocr_line' id='line_1_3' title="bbox 544 910 1183 1012; baseline -0.002 -24"><span class='ocrx_word' id='word_1_8' title='bbox 544 912 725 988; x_wconf 84' lang='lat' dir='ltr'>Sublimis</span> <span class='ocrx_word' id='word_1_9' title='bbox 743 910 831 985; x_wconf 83' lang='lat' dir='ltr'><strong>aula</strong></span> <span class='ocrx_word' id='word_1_10' title='bbox 849 936 923 986; x_wconf 89' lang='lat' dir='ltr'><strong>non</strong></span> <span class='ocrx_word' id='word_1_11' title='bbox 942 911 1021 987; x_wconf 88' lang='lat' dir='ltr'><strong>sine</strong></span> <span class='ocrx_word' id='word_1_12' title='bbox 1040 913 1183 1012; x_wconf 85' lang='lat' dir='ltr'><strong>gaudio</strong></span> 
     </span>
     <span class='ocr_line' id='line_1_4' title="bbox 649 1019 1228 1119; baseline 0.002 -24"><span class='ocrx_word' id='word_1_13' title='bbox 649 1019 823 1119; x_wconf 83' lang='lat' dir='ltr'><strong>Spectare</strong></span> <span class='ocrx_word' id='word_1_14' title='bbox 841 1042 911 1117; x_wconf 83' lang='lat' dir='ltr'><strong>por</strong></span> <span class='ocrx_word' id='word_1_15' title='bbox 928 1019 1061 1094; x_wconf 92' lang='lat' dir='ltr'><strong>mundi</strong></span> <span class='ocrx_word' id='word_1_16' title='bbox 1079 1021 1228 1115; x_wconf 81' lang='lat' dir='ltr'><strong>ruinas,</strong></span> 
     </span>
     <span class='ocr_line' id='line_1_5' title="bbox 751 1125 1286 1225; baseline 0.011 -25"><span class='ocrx_word' id='word_1_17' title='bbox 751 1125 963 1225; x_wconf 88' lang='lat' dir='ltr'><strong>Intrepidus</strong></span> <span class='ocrx_word' id='word_1_18' title='bbox 982 1151 1052 1202; x_wconf 84' lang='lat' dir='ltr'><strong>sua</strong></span> <span class='ocrx_word' id='word_1_19' title='bbox 1069 1128 1166 1204; x_wconf 80' lang='lat' dir='ltr'><strong>colla</strong></span> <span class='ocrx_word' id='word_1_20' title='bbox 1183 1129 1286 1206; x_wconf 90' lang='lat' dir='ltr'><strong>coelo</strong></span> 
     </span>
     <span class='ocr_line' id='line_1_6' title="bbox 544 1233 1301 1336; baseline -0.001 -23"><span class='ocrx_word' id='word_1_21' title='bbox 544 1237 687 1314; x_wconf 88' lang='lat' dir='ltr'><strong>Subdet</strong></span> <span class='ocrx_word' id='word_1_22' title='bbox 705 1233 838 1310; x_wconf 89' lang='lat' dir='ltr'><strong>ruenti.</strong></span> <span class='ocrx_word' id='word_1_23' title='bbox 858 1234 916 1310; x_wconf 89' lang='lat' dir='ltr'><strong>Tu</strong></span> <span class='ocrx_word' id='word_1_24' title='bbox 934 1233 1050 1327; x_wconf 89' lang='lat' dir='ltr'><strong>mihi,</strong></span> <span class='ocrx_word' id='word_1_25' title='bbox 1068 1245 1129 1329; x_wconf 91' lang='lat' dir='ltr'><strong>tu,</strong></span> <span class='ocrx_word' id='word_1_26' title='bbox 1147 1261 1301 1336; x_wconf 79' lang='lat' dir='ltr'><strong>precor,</strong></span> 
     </span>
     <span class='ocr_line' id='line_1_7' title="bbox 541 1342 1224 1442; baseline -0.004 -21"><span class='ocrx_word' id='word_1_27' title='bbox 541 1344 689 1421; x_wconf 84' lang='lat' dir='ltr'><strong>Adsiste</strong></span> <span class='ocrx_word' id='word_1_28' title='bbox 707 1342 871 1442; x_wconf 77' lang='lat' dir='ltr'>semper!</span> <span class='ocrx_word' id='word_1_29' title='bbox 891 1351 928 1416; x_wconf 88' lang='lat' dir='ltr'><strong>te</strong></span> <span class='ocrx_word' id='word_1_30' title='bbox 947 1345 1041 1418; x_wconf 89' lang='lat' dir='ltr'><strong>duce</strong></span> <span class='ocrx_word' id='word_1_31' title='bbox 1059 1343 1224 1418; x_wconf 82' lang='lat' dir='ltr'><strong>concitas</strong></span> 
     </span>
     <span class='ocr_line' id='line_1_8' title="bbox 646 1447 1254 1552; baseline -0.003 -24"><span class='ocrx_word' id='word_1_32' title='bbox 646 1451 760 1550; x_wconf 90' lang='lat' dir='ltr'><strong>Spero</strong></span> <span class='ocrx_word' id='word_1_33' title='bbox 780 1447 1014 1552; x_wconf 83' lang='lat' dir='ltr'><strong>charybdes,</strong></span> <span class='ocrx_word' id='word_1_34' title='bbox 1033 1459 1073 1524; x_wconf 91' lang='lat' dir='ltr'><strong>et</strong></span> <span class='ocrx_word' id='word_1_35' title='bbox 1090 1450 1254 1526; x_wconf 80' lang='lat' dir='ltr'><strong>minaces</strong></span> 
     </span>
     <span class='ocr_line' id='line_1_9' title="bbox 752 1557 1335 1662; baseline 0.003 -30"><span class='ocrx_word' id='word_1_36' title='bbox 752 1557 954 1632; x_wconf 80' lang='lat' dir='ltr'><strong>Incolumis</strong></span> <span class='ocrx_word' id='word_1_37' title='bbox 972 1561 1157 1658; x_wconf 79' lang='lat' dir='ltr'><strong>superabo</strong></span> <span class='ocrx_word' id='word_1_38' title='bbox 1176 1557 1335 1662; x_wconf 77' lang='lat' dir='ltr'><strong>Scyllas.</strong></span> 
     </span>
    </p>
   </div>
   <div class='ocr_carea' id='block_1_3' title="bbox 965 1833 1174 1844">
    <p class='ocr_par' dir='ltr' id='par_1_3' title="bbox 965 1833 1174 1844">
     <span class='ocr_line' id='line_1_10' title="bbox 965 1833 1174 1844; baseline 0.014 -4"><span class='ocrx_word' id='word_1_39' title='bbox 965 1833 1174 1844; x_wconf 66' lang='lat' dir='ltr'><strong>n——u——n</strong></span> 
     </span>
    </p>
   </div>
   <div class='ocr_carea' id='block_1_4' title="bbox 591 2111 1546 2384">
    <p class='ocr_par' dir='ltr' id='par_1_4' title="bbox 591 2111 1546 2384">
     <span class='ocr_line' id='line_1_11' title="bbox 971 2111 1171 2196; baseline 0.01 -2"><span class='ocrx_word' id='word_1_40' title='bbox 971 2115 1085 2195; x_wconf 75' lang='lat' dir='ltr'><strong>Me</strong></span> <span class='ocrx_word' id='word_1_41' title='bbox 1111 2111 1171 2196; x_wconf 75' lang='lat' dir='ltr'><strong>V.</strong></span> 
     </span>
     <span class='ocr_line' id='line_1_12' title="bbox 591 2294 1546 2384; baseline 0.001 -19"><span class='ocrx_word' id='word_1_42' title='bbox 591 2295 680 2365; x_wconf 75' lang='lat' dir='ltr'><strong>taus</strong></span> <span class='ocrx_word' id='word_1_43' title='bbox 697 2296 852 2384; x_wconf 77' lang='lat' dir='ltr'><strong>qenerosi</strong></span> <span class='ocrx_word' id='word_1_44' title='bbox 869 2294 1046 2366; x_wconf 71' lang='lat' dir='ltr'><strong>bellicosis</strong></span> <span class='ocrx_word' id='word_1_45' title='bbox 1065 2296 1181 2367; x_wconf 82' lang='lat' dir='ltr'><strong>Caroli</strong></span> <span class='ocrx_word' id='word_1_46' title='bbox 1199 2295 1410 2368; x_wconf 65' lang='lat' dir='ltr'><strong>botiducis.</strong></span> <span class='ocrx_word' id='word_1_47' title='bbox 1436 2297 1546 2368; x_wconf 83' lang='lat'><em>1825.</em></span> 
     </span>
    </p>
   </div>
   <div class='ocr_carea' id='block_1_5' title="bbox 644 2475 1476 4558">
    <p class='ocr_par' dir='ltr' id='par_1_5' title="bbox 644 2475 1476 4558">
     <span class='ocr_line' id='line_1_13' title="bbox 648 2475 1395 2622; baseline 0.005 -28"><span class='ocrx_word' id='word_1_48' title='bbox 648 2475 769 2605; x_wconf 68' lang='lat' dir='ltr'><strong>(luem</strong></span> <span class='ocrx_word' id='word_1_49' title='bbox 787 2521 913 2596; x_wconf 89' lang='lat' dir='ltr'><strong>virum</strong></span> <span class='ocrx_word' id='word_1_50' title='bbox 930 2520 1050 2597; x_wconf 84' lang='lat' dir='ltr'><strong>laetor</strong></span> <span class='ocrx_word' id='word_1_51' title='bbox 1068 2522 1211 2622; x_wconf 76' lang='lat' dir='ltr'><strong>patriae</strong></span> <span class='ocrx_word' id='word_1_52' title='bbox 1229 2523 1395 2599; x_wconf 89' lang='lat' dir='ltr'><strong>cruentis</strong></span> 
     </span>
     <span class='ocr_line' id='line_1_14' title="bbox 644 2627 1369 2729; baseline 0.004 -26"><span class='ocrx_word' id='word_1_53' title='bbox 644 2627 822 2704; x_wconf 81' lang='lat' dir='ltr'><strong>Cladibus</strong></span> <span class='ocrx_word' id='word_1_54' title='bbox 841 2627 982 2704; x_wconf 81' lang='lat' dir='ltr'><strong>fructus</strong></span> <span class='ocrx_word' id='word_1_55' title='bbox 1001 2654 1215 2729; x_wconf 75' lang='lat' dir='ltr'><strong>superesse,</strong></span> <span class='ocrx_word' id='word_1_56' title='bbox 1233 2630 1369 2726; x_wconf 82' lang='lat' dir='ltr'><strong>fortem</strong></span> 
     </span>
     <span class='ocr_line' id='line_1_15' title="bbox 645 2733 1448 2837; baseline 0.007 -28"><span class='ocrx_word' id='word_1_57' title='bbox 645 2733 766 2827; x_wconf 84' lang='lat' dir='ltr'><strong>Quem</strong></span> <span class='ocrx_word' id='word_1_58' title='bbox 783 2736 911 2814; x_wconf 90' lang='lat' dir='ltr'><strong>virum</strong></span> <span class='ocrx_word' id='word_1_59' title='bbox 930 2762 1077 2837; x_wconf 88' lang='lat' dir='ltr'><strong>semper</strong></span> <span class='ocrx_word' id='word_1_60' title='bbox 1093 2763 1270 2829; x_wconf 89' lang='lat' dir='ltr'><strong>veneror,</strong></span> <span class='ocrx_word' id='word_1_61' title='bbox 1291 2738 1448 2836; x_wconf 88' lang='lat' dir='ltr'><strong>coloque</strong></span> 
     </span>
     <span class='ocr_line' id='line_1_16' title="bbox 1069 2845 1341 2939; baseline -0.007 -17"><span class='ocrx_word' id='word_1_62' title='bbox 1069 2847 1224 2922; x_wconf 77' lang='lat' dir='ltr'><strong>Pectore</strong></span> <span class='ocrx_word' id='word_1_63' title='bbox 1241 2845 1341 2939; x_wconf 88' lang='lat' dir='ltr'><strong>fido,</strong></span> 
     </span>
     <span class='ocr_line' id='line_1_17' title="bbox 645 2947 1402 3054; baseline 0.001 -26"><span class='ocrx_word' id='word_1_64' title='bbox 645 2947 792 3028; x_wconf 88' lang='lat' dir='ltr'><strong>Numne</strong></span> <span class='ocrx_word' id='word_1_65' title='bbox 811 2977 882 3054; x_wconf 84' lang='lat' dir='ltr'><strong>ego</strong></span> <span class='ocrx_word' id='word_1_66' title='bbox 902 2952 1027 3054; x_wconf 84' lang='lat' dir='ltr'><strong>segnis</strong></span> <span class='ocrx_word' id='word_1_67' title='bbox 1045 2955 1222 3031; x_wconf 73' lang='lat' dir='ltr'><strong>taceam?</strong></span> <span class='ocrx_word' id='word_1_68' title='bbox 1241 2963 1402 3052; x_wconf 85' lang='lat' dir='ltr'><strong>tuasque</strong></span> 
     </span>
     <span class='ocr_line' id='line_1_18' title="bbox 646 3059 1261 3161; baseline 0.005 -28"><span class='ocrx_word' id='word_1_69' title='bbox 646 3059 806 3134; x_wconf 85' lang='lat' dir='ltr'><strong>Bellioas</strong></span> <span class='ocrx_word' id='word_1_70' title='bbox 824 3062 954 3136; x_wconf 86' lang='lat' dir='ltr'><strong>laudes</strong></span> <span class='ocrx_word' id='word_1_71' title='bbox 972 3061 1096 3161; x_wconf 81' lang='lat' dir='ltr'><strong>patiar</strong></span> <span class='ocrx_word' id='word_1_72' title='bbox 1113 3062 1261 3138; x_wconf 84' lang='lat' dir='ltr'><strong>latere‘l</strong></span> 
     </span>
     <span class='ocr_line' id='line_1_19' title="bbox 644 3164 1413 3270; baseline 0.003 -29"><span class='ocrx_word' id='word_1_73' title='bbox 644 3164 747 3258; x_wconf 76' lang='lat' dir='ltr'><strong>Quas</strong></span> <span class='ocrx_word' id='word_1_74' title='bbox 766 3167 838 3243; x_wconf 90' lang='lat' dir='ltr'><strong>tibi</strong></span> <span class='ocrx_word' id='word_1_75' title='bbox 856 3168 982 3244; x_wconf 81' lang='lat' dir='ltr'><strong>Pullos</strong></span> <span class='ocrx_word' id='word_1_76' title='bbox 998 3194 1183 3270; x_wconf 83' lang='lat' dir='ltr'><strong>generoso</strong></span> <span class='ocrx_word' id='word_1_77' title='bbox 1200 3169 1310 3245; x_wconf 89' lang='lat' dir='ltr'><strong>iustis</strong></span> <span class='ocrx_word' id='word_1_78' title='bbox 1408 3172 1413 3182; x_wconf 80' lang='grc'><em>“</em></span> 
     </span>
     <span class='ocr_line' id='line_1_20' title="bbox 920 3276 1378 3363; baseline -0.009 -9"><span class='ocrx_word' id='word_1_79' title='bbox 920 3348 927 3363; x_wconf 78' lang='grc'><em>,</em></span> <span class='ocrx_word' id='word_1_80' title='bbox 1068 3276 1235 3353; x_wconf 81' lang='lat' dir='ltr'><strong>Contulit</strong></span> <span class='ocrx_word' id='word_1_81' title='bbox 1252 3277 1378 3357; x_wconf 76' lang='lat' dir='ltr'><strong>armis,</strong></span> 
     </span>
     <span class='ocr_line' id='line_1_21' title="bbox 647 3380 1404 3483; baseline 0.004 -27"><span class='ocrx_word' id='word_1_82' title='bbox 647 3380 761 3474; x_wconf 85' lang='lat' dir='ltr'><strong>Sunt,</strong></span> <span class='ocrx_word' id='word_1_83' title='bbox 779 3381 875 3456; x_wconf 91' lang='lat' dir='ltr'><strong>mihi</strong></span> <span class='ocrx_word' id='word_1_84' title='bbox 892 3392 1004 3458; x_wconf 84' lang='lat' dir='ltr'><strong>testes</strong></span> <span class='ocrx_word' id='word_1_85' title='bbox 1023 3385 1155 3483; x_wconf 91' lang='lat' dir='ltr'><strong>populi</strong></span> <span class='ocrx_word' id='word_1_86' title='bbox 1173 3383 1404 3482; x_wconf 76' lang='lat' dir='ltr'><strong>frequenteS,</strong></span> 
     </span>
     <span class='ocr_line' id='line_1_22' title="bbox 645 3488 1352 3585; baseline 0.003 -19"><span class='ocrx_word' id='word_1_87' title='bbox 645 3488 788 3566; x_wconf 79' lang='lat' dir='ltr'><strong>Gallice</strong></span> <span class='ocrx_word' id='word_1_88' title='bbox 806 3501 992 3585; x_wconf 82' lang='lat' dir='ltr'><strong>quantum</strong></span> <span class='ocrx_word' id='word_1_89' title='bbox 1010 3494 1212 3568; x_wconf 79' lang='lat' dir='ltr'><strong>metuenda</strong></span> <span class='ocrx_word' id='word_1_90' title='bbox 1229 3493 1352 3568; x_wconf 86' lang='lat' dir='ltr'><strong>virtus</strong></span> 
     </span>
     <span class='ocr_line' id='line_1_23' title="bbox 645 3595 1325 3696; baseline 0.009 -26"><span class='ocrx_word' id='word_1_91' title='bbox 645 3595 701 3671; x_wconf 88' lang='lat' dir='ltr'><strong>Sit</strong></span> <span class='ocrx_word' id='word_1_92' title='bbox 718 3606 784 3671; x_wconf 84' lang='lat' dir='ltr'><strong>tua</strong></span> <span class='ocrx_word' id='word_1_93' title='bbox 802 3598 943 3692; x_wconf 84' lang='lat' dir='ltr'><strong>atroci,</strong></span> <span class='ocrx_word' id='word_1_94' title='bbox 961 3599 1108 3696; x_wconf 90' lang='lat' dir='ltr'><strong>quoties</strong></span> <span class='ocrx_word' id='word_1_95' title='bbox 1127 3610 1325 3678; x_wconf 87' lang='lat' dir='ltr'><strong>cruentum</strong></span> 
     </span>
     <span class='ocr_line' id='line_1_24' title="bbox 985 3707 1476 3807; baseline -0.004 -25"><span class='ocrx_word' id='word_1_96' title='bbox 985 3804 986 3807; x_wconf 8' lang='grc' dir='ltr'><strong>Ἴ</strong></span> <span class='ocrx_word' id='word_1_97' title='bbox 1067 3708 1225 3783; x_wconf 86' lang='lat' dir='ltr'><strong>Fuderis</strong></span> <span class='ocrx_word' id='word_1_98' title='bbox 1242 3707 1408 3784; x_wconf 85' lang='lat' dir='ltr'><strong>hosteml</strong></span> <span class='ocrx_word' id='word_1_99' title='bbox 1469 3748 1476 3761; x_wconf 44' lang='lat' dir='ltr'>x</span> 
     </span>
     <span class='ocr_line' id='line_1_25' title="bbox 645 3811 1364 3921; baseline 0.004 -34"><span class='ocrx_word' id='word_1_100' title='bbox 645 3811 703 3887; x_wconf 89' lang='lat' dir='ltr'><strong>Tu</strong></span> <span class='ocrx_word' id='word_1_101' title='bbox 720 3812 825 3911; x_wconf 90' lang='lat' dir='ltr'><strong>prior</strong></span> <span class='ocrx_word' id='word_1_102' title='bbox 843 3814 975 3889; x_wconf 83' lang='lat' dir='ltr'><strong>densas</strong></span> <span class='ocrx_word' id='word_1_103' title='bbox 994 3815 1118 3913; x_wconf 84' lang='lat' dir='ltr'><strong>aperis</strong></span> <span class='ocrx_word' id='word_1_104' title='bbox 1135 3815 1364 3921; x_wconf 76' lang='lat' dir='ltr'><strong>phalanges,</strong></span> 
     </span>
     <span class='ocr_line' id='line_1_26' title="bbox 644 3920 1330 4001; baseline 0.001 -5"><span class='ocrx_word' id='word_1_105' title='bbox 644 3920 696 3996; x_wconf 88' lang='lat' dir='ltr'><strong>Te</strong></span> <span class='ocrx_word' id='word_1_106' title='bbox 714 3922 849 3997; x_wconf 89' lang='lat' dir='ltr'><strong>ducem</strong></span> <span class='ocrx_word' id='word_1_107' title='bbox 867 3923 1025 3998; x_wconf 80' lang='lat' dir='ltr'><strong>Pennon</strong></span> <span class='ocrx_word' id='word_1_108' title='bbox 1043 3922 1233 3999; x_wconf 88' lang='lat' dir='ltr'><strong>violentus</strong></span> <span class='ocrx_word' id='word_1_109' title='bbox 1251 3922 1330 4001; x_wconf 82' lang='lat' dir='ltr'><strong>acri</strong></span> 
     </span>
     <span class='ocr_line' id='line_1_27' title="bbox 645 4027 1431 4129; baseline 0 -26"><span class='ocrx_word' id='word_1_110' title='bbox 645 4028 848 4125; x_wconf 89' lang='lat' dir='ltr'><strong>Insequens</strong></span> <span class='ocrx_word' id='word_1_111' title='bbox 867 4027 965 4119; x_wconf 75' lang='lat' dir='ltr'><strong>ferro</strong></span> <span class='ocrx_word' id='word_1_112' title='bbox 983 4040 1176 4129; x_wconf 82' lang='lat' dir='ltr'><strong>penetrat,</strong></span> <span class='ocrx_word' id='word_1_113' title='bbox 1193 4042 1431 4125; x_wconf 88' lang='lat' dir='ltr'><strong>tremensque</strong></span> 
     </span>
     <span class='ocr_line' id='line_1_28' title="bbox 1067 4137 1367 4214; baseline -0.003 -1"><span class='ocrx_word' id='word_1_114' title='bbox 1067 4137 1214 4213; x_wconf 85' lang='lat' dir='ltr'><strong>Obvius</strong></span> <span class='ocrx_word' id='word_1_115' title='bbox 1231 4139 1367 4214; x_wconf 81' lang='lat' dir='ltr'><strong>instat·</strong></span> 
     </span>
     <span class='ocr_line' id='line_1_29' title="bbox 644 4240 1331 4346; baseline 0.009 -31"><span class='ocrx_word' id='word_1_116' title='bbox 644 4240 727 4316; x_wconf 91' lang='lat' dir='ltr'><strong>Nou</strong></span> <span class='ocrx_word' id='word_1_117' title='bbox 746 4242 860 4317; x_wconf 90' lang='lat' dir='ltr'><strong>semel</strong></span> <span class='ocrx_word' id='word_1_118' title='bbox 878 4242 1002 4317; x_wconf 90' lang='lat' dir='ltr'><strong>victus</strong></span> <span class='ocrx_word' id='word_1_119' title='bbox 1019 4245 1172 4344; x_wconf 90' lang='lat' dir='ltr'><strong>proprio</strong></span> <span class='ocrx_word' id='word_1_120' title='bbox 1190 4246 1331 4346; x_wconf 86' lang='lat' dir='ltr'><strong>periclo</strong></span> 
     </span>
     <span class='ocr_line' id='line_1_30' title="bbox 646 4348 1345 4451; baseline 0.007 -29"><span class='ocrx_word' id='word_1_121' title='bbox 646 4348 773 4423; x_wconf 88' lang='lat' dir='ltr'><strong>Hostis</strong></span> <span class='ocrx_word' id='word_1_122' title='bbox 791 4349 968 4451; x_wconf 84' lang='lat' dir='ltr'><strong>agnovit,</strong></span> <span class='ocrx_word' id='word_1_123' title='bbox 987 4350 1081 4447; x_wconf 91' lang='lat' dir='ltr'><strong>quid</strong></span> <span class='ocrx_word' id='word_1_124' title='bbox 1099 4352 1204 4427; x_wconf 84' lang='lat' dir='ltr'><strong>avita</strong></span> <span class='ocrx_word' id='word_1_125' title='bbox 1221 4353 1345 4429; x_wconf 86' lang='lat' dir='ltr'><strong>virtus</strong></span> 
     </span>
     <span class='ocr_line' id='line_1_31' title="bbox 646 4456 1378 4558; baseline 0.004 -26"><span class='ocrx_word' id='word_1_126' title='bbox 646 4456 823 4557; x_wconf 84' lang='lat' dir='ltr'><strong>Hungari</strong></span> <span class='ocrx_word' id='word_1_127' title='bbox 840 4456 977 4558; x_wconf 85' lang='lat' dir='ltr'><strong>possit,</strong></span> <span class='ocrx_word' id='word_1_128' title='bbox 996 4459 1092 4533; x_wconf 88' lang='lat' dir='ltr'><strong>duee</strong></span> <span class='ocrx_word' id='word_1_129' title='bbox 1109 4470 1163 4552; x_wconf 90' lang='lat' dir='ltr'><strong>te,</strong></span> <span class='ocrx_word' id='word_1_130' title='bbox 1181 4460 1274 4557; x_wconf 91' lang='lat' dir='ltr'><strong>quid</strong></span> <span class='ocrx_word' id='word_1_131' title='bbox 1292 4485 1378 4535; x_wconf 81' lang='lat' dir='ltr'><strong>coer</strong></span> 
     </span>
    </p>
   </div>
   <div class='ocr_carea' id='block_1_6' title="bbox 965 4565 1339 4643">
    <p class='ocr_par' dir='ltr' id='par_1_6' title="bbox 965 4565 1339 4643">
     <span class='ocr_line' id='line_1_32' title="bbox 965 4565 1339 4643; baseline 0 -2"><span class='ocrx_word' id='word_1_132' title='bbox 965 4610 968 4615; x_wconf 94' lang='lat'>·</span> <span class='ocrx_word' id='word_1_133' title='bbox 1018 4601 1021 4607; x_wconf 88' lang='lat'><em>·</em></span> <span class='ocrx_word' id='word_1_134' title='bbox 1066 4565 1199 4643; x_wconf 87' lang='lat' dir='ltr'><strong>Militis</strong></span> <span class='ocrx_word' id='word_1_135' title='bbox 1217 4570 1339 4643; x_wconf 85' lang='lat' dir='ltr'><strong>ardor.</strong></span> 
     </span>
    </p>
   </div>
   <div class='ocr_carea' id='block_1_7' title="bbox 644 4668 1344 4987">
    <p class='ocr_par' dir='ltr' id='par_1_7' title="bbox 644 4668 1344 4987">
     <span class='ocr_line' id='line_1_33' title="bbox 645 4668 1344 4778; baseline 0.007 -34"><span class='ocrx_word' id='word_1_136' title='bbox 645 4668 712 4745; x_wconf 86' lang='lat' dir='ltr'><strong>Est</strong></span> <span class='ocrx_word' id='word_1_137' title='bbox 730 4670 800 4748; x_wconf 85' lang='lat' dir='ltr'><strong>tibi</strong></span> <span class='ocrx_word' id='word_1_138' title='bbox 818 4672 954 4749; x_wconf 87' lang='lat' dir='ltr'><strong>mentis</strong></span> <span class='ocrx_word' id='word_1_139' title='bbox 972 4674 1104 4775; x_wconf 84' lang='lat' dir='ltr'><strong>vigor,</strong></span> <span class='ocrx_word' id='word_1_140' title='bbox 1122 4685 1179 4750; x_wconf 89' lang='lat' dir='ltr'><strong>est</strong></span> <span class='ocrx_word' id='word_1_141' title='bbox 1197 4674 1344 4778; x_wconf 85' lang='lat' dir='ltr'><strong>sagacis</strong></span> 
     </span>
     <span class='ocr_line' id='line_1_34' title="bbox 646 4777 1323 4879; baseline 0.009 -28"><span class='ocrx_word' id='word_1_142' title='bbox 646 4778 795 4879; x_wconf 87' lang='lat' dir='ltr'><strong>Ingenii</strong></span> <span class='ocrx_word' id='word_1_143' title='bbox 812 4783 973 4875; x_wconf 87' lang='lat' dir='ltr'><strong>flumen,</strong></span> <span class='ocrx_word' id='word_1_144' title='bbox 992 4784 1086 4858; x_wconf 93' lang='lat' dir='ltr'><strong>bene</strong></span> <span class='ocrx_word' id='word_1_145' title='bbox 1105 4777 1323 4859; x_wconf 80' lang='lat' dir='ltr'><strong>consulendi</strong></span> 
     </span>
     <span class='ocr_line' id='line_1_35' title="bbox 644 4881 1271 4987; baseline 0.006 -26"><span class='ocrx_word' id='word_1_146' title='bbox 644 4881 712 4961; x_wconf 85' lang='lat' dir='ltr'><strong>Est</strong></span> <span class='ocrx_word' id='word_1_147' title='bbox 730 4887 801 4965; x_wconf 91' lang='lat' dir='ltr'><strong>tibi</strong></span> <span class='ocrx_word' id='word_1_148' title='bbox 819 4890 923 4965; x_wconf 85' lang='lat' dir='ltr'><strong>duris</strong></span> <span class='ocrx_word' id='word_1_149' title='bbox 942 4889 1141 4987; x_wconf 87' lang='lat' dir='ltr'><strong>dubiisque</strong></span> <span class='ocrx_word' id='word_1_150' title='bbox 1158 4893 1271 4968; x_wconf 90' lang='lat' dir='ltr'><strong>rebus</strong></span> 
     </span>
    </p>
   </div>
   <div class='ocr_carea' id='block_1_8' title="bbox 1068 4996 1412 5085">
    <p class='ocr_par' dir='ltr' id='par_1_8' title="bbox 1068 4996 1412 5085">
     <span class='ocr_line' id='line_1_36' title="bbox 1068 4996 1412 5085; baseline -0.003 -10"><span class='ocrx_word' id='word_1_151' title='bbox 1068 5000 1224 5085; x_wconf 81' lang='lat' dir='ltr'><strong>Promta</strong></span> <span class='ocrx_word' id='word_1_152' title='bbox 1242 4996 1412 5077; x_wconf 77' lang='lat' dir='ltr'><strong>facultas</strong></span> 
     </span>
    </p>
   </div>
   <div class='ocr_carea' id='block_1_9' title="bbox 0 0 2051 6000">
    <p class='ocr_par' dir='ltr' id='par_1_9' title="bbox 0 0 2051 6000">
     <span class='ocr_line' id='line_1_37' title="bbox 0 0 2051 6000; baseline 0 0"><span class='ocrx_word' id='word_1_153' title='bbox 0 0 2051 6000; x_wconf 95' lang='lat' dir='ltr'><strong> </strong></span> 
     </span>
    </p>
   </div>
  </div>
 </body>
</html>
