4084 6000
991 677 1040 756 33

433 892 515 970 Hoc
534 916 705 990 quoque,
722 891 877 993 reginae
895 896 998 989 quod
1016 919 1112 968 crux
1129 905 1175 968 te
1194 901 1232 968 et
1249 891 1411 970 annulus
1429 903 1578 990 ornent,

539 1003 598 1075 An
616 1026 691 1075 non
710 1000 901 1099 conspicui
920 1000 1031 1101 signa
1049 999 1191 1075 favoris
1208 1005 1350 1077 erunt‘?

435 1107 467 1182 Ο
485 1109 600 1182 talem
619 1133 663 1182 ac
680 1118 831 1182 tantum
847 1108 991 1207 patriae
1009 1108 1193 1204 nobisque
1212 1109 1401 1210 benignus

540 1216 601 1292 Te
619 1239 799 1313 superum
817 1236 963 1309 servet,
981 1215 1193 1290 maxime
1212 1219 1436 1315 praesul,
1456 1219 1578 1293 amori

879 1677 1081 1782 Elegia
1108 1681 1177 1764 11.

456 1865 510 1932 Ad
527 1817 712 1934 Anconam
722 1869 916 1928 suasuros
933 1864 1126 1950 episcopum
1143 1864 1367 1934 canaonem
1384 1865 1593 1936 installatum

835 1999 838 2012 ¹
971 1985 1081 2055 1825.

440 2137 628 2268 iauria,
645 2200 721 2249 non
738 2176 895 2250 modicis
915 2175 1027 2250 sortis
1046 2185 1189 2250 vexata
1206 2175 1401 2273 procellis,

502 2309 506 2317 ·
545 2282 660 2382 Erige
679 2280 902 2358 defunctum
921 2308 987 2383 spe
1005 2280 1228 2378 meritisque
1247 2283 1380 2383 caput!

385 2413 388 2417 ’
440 2392 507 2468 Ille
524 2401 634 2491 pater
651 2390 818 2488 patriae,
836 2391 898 2464 cui
916 2392 1114 2466 commoda
1132 2389 1284 2487 publica
1302 2391 1413 2490 regni

545 2497 596 2572 Et
612 2507 681 2570 tua
699 2507 789 2570 sunt
808 2522 941 2594 curae,
954 2510 997 2598 ‚tc
1016 2521 1166 2592 quoque
1187 2499 1299 2571 corde
1318 2494 1434 2572 fovet.

441 2605 515 2681 Nec
533 2604 627 2694 tibi,
644 2605 736 2676 dum
754 2603 880 2678 viduis
899 2604 1068 2678 decernit
1085 2602 1288 2703 Daphnide
1306 2603 1446 2696 caulis,

546 2711 698 2785 Mittere
715 2721 905 2808 pastorem
924 2722 1075 2810 pectore
1095 2735 1186 2784 cura
1205 2708 1320 2810 fugit.

441 2819 517 2894 Nec
536 2817 627 2891 sinit
644 2817 735 2906 (hoc
753 2826 903 2915 poteras
923 2817 1080 2892 sensisse
1101 2814 1356 2912 frequentius)
1374 2816 1481 2892 inter·

548 2921 740 3024 Ambigua
759 2936 802 2998 ut
820 2934 930 2998 nutes
949 2949 1129 3024 spemque
1147 2935 1365 3020 metumque
1386 2924 1462 2998 diu.

442 3036 524 3109 Hoc
544 3057 694 3127 quoque
706 3088 717 3123 ,
730 3034 838 3127 ,quod
856 3043 1030 3130 pastor
1048 3030 1119 3107 tibi
1137 3033 1250 3131 paulo
1269 3032 1387 3107 serior
1406 3033 1525 3127 adsit,

547 3138 629 3213 Non
648 3138 727 3212 sine
745 3139 900 3217 consilio
919 3142 1030 3215 crede
1048 3139 1176 3214 venire
1192 3138 1314 3239 gravi.

443 3247 680 3347 Principibus
701 3246 915 3343 quicunque
933 3246 1028 3321 viris
1048 3249 1245 3321 succedere
1264 3246 1404 3347 possit,

534 3354 607 3429 Sit
624 3352 771 3427 meritis
787 3354 981 3454 princeps,
1000 3365 1160 3429 noverat
1177 3354 1268 3429 ille
1287 3366 1441 3453 pater.

444 3464 549 3538 Anne
567 3460 813 3535 diuxviduum
830 3462 923 3535 dum
941 3458 1018 3535 sors
1038 3460 1247 3559 querereris
1266 3458 1385 3554 ovile,

550 3567 653 3643 Haec
671 3567 763 3659 tibi,
781 3593 878 3662 quae
896 3581 1085 3661 recreent,
1105 3572 1223 3645 verba
1240 3578 1399 3667 paterna
1418 3568 1552 3644 dedit?

445 3674 637 3770 „lauria
656 3699 752 3773 pone
771 3686 937 3769 metum,
956 3675 1156 3750 diuturnos
1175 3701 1270 3774 pone
1291 3676 1456 3769 doloreS,

550 3781 625 3873 Qui
641 3781 771 3855 vincat
786 3783 921 3883 longas
940 3807 1024 3882 spes
1044 3782 1116 3858 tibi
1132 3782 1303 3881 Daphnis
1323 3782 1405 3857 erit.

448 3890 544 3965 Sunt
561 3888 658 3963 mihi
675 3887 844 3985 (sintque
862 3897 1014 3988 precor)
1032 3889 1220 3964 radiantia
1238 3888 1402 3985 lumina,
1421 3914 1603 3985 quorum,

551 3995 661 4087 Quod
679 4005 847 4095 praestat
864 3988 1040 4091 reliquis,
1058 3997 1131 4070 hoc
1149 3996 1221 4071 tibi
1240 3997 1369 4070 lumen
1386 3997 1492 4071 erit.“

446 4104 523 4179 Nec
540 4129 666 4178 mora:
687 4101 789 4177 fama
808 4102 891 4179 citis
909 4102 1073 4202 patriam
1091 4102 1347 4202 praetervolat
1365 4105 1458 4199 alis,

553 4211 835 4306 Fortunamque
855 4221 964 4284 sonat
981 4210 1156 4284 lauria
1174 4210 1276 4284 clara
1294 4220 1412 4286 tuam.

447 4317 639 4394 Nobilium
657 4318 683 4392 J
693 4317 837 4393 urani
848 4342 867 4391 c
878 4344 918 4409 s,
936 4315 1145 4409 referebat,
1164 4318 1320 4417 sanguis
1337 4345 1500 4395 avorum

552 4424 740 4499 lauriacas
758 4449 920 4524 magnus
940 4425 1093 4523 praesul
1112 4424 1233 4499 adibit
1252 4450 1351 4500 oves.

448 4531 529 4607 Illic
546 4532 730 4623 virtutes,
749 4531 876 4624 queis,
893 4542 939 4607 ut
955 4558 1025 4606 ver
1042 4534 1155 4623 flore,
1173 4531 1342 4624 nitescit,

554 4638 743 4739 Spargent
761 4636 934 4712 divinum
952 4649 1103 4737 tempus
1121 4639 1160 4713 in
1180 4664 1289 4713 omne
1307 4639 1429 4715 iubar.

449 4746 529 4822 Illic
548 4771 644 4842 quae
662 4744 827 4819 lacrimis
845 4744 1043 4819 humentia
1060 4746 1200 4821 viderit
1219 4772 1301 4838 ora,

553 4853 774 4952 Absterget,
793 4851 941 4949 placida
959 4853 1083 4926 svevit
1101 4864 1145 4927 ut
1163 4863 1268 4945 ante,
1286 4878 1412 4927 manu.

448 4960 502 5036 Ac
519 4961 626 5035 velut
643 4959 837 5049 exoriens,
855 4958 1032 5033 discussis
1051 4959 1203 5035 aethere
1223 4959 1382 5052 nimbis,

553 5068 751 5166 Purpureo
769 5065 946 5141 Phoebus
963 5077 1146 5166 provocat
1164 5092 1228 5141 ore
1246 5066 1365 5141 diem:
1426 5174 1447 5247 3
