4084 6000
1028 606 1049 677 8

456 819 615 920 Fugerit
632 829 699 893 aut
716 820 978 915 quemquam?
998 842 1074 914 quo
1093 817 1300 918 relligionis
1319 842 1445 892 amore

561 927 737 1000 Incensus
754 925 844 1000 fidei
862 927 927 1000 det
944 927 1169 1000 documenta
1187 949 1286 998 suae.
1320 979 1324 988 .

455 1031 579 1123 Quam
597 1036 726 1107 doctos
743 1043 965 1127 sanctosque
982 1031 1105 1123 viros,
1124 1031 1189 1128 qui
1208 1055 1361 1104 munere
1380 1054 1484 1104 suero

560 1141 760 1214 Pastorum
779 1139 988 1229 emineant,
1007 1151 1132 1212 mente
1150 1162 1284 1238 sagaoe
1302 1138 1416 1237 legat.

454 1245 638 1344 Tempora
656 1246 773 1345 digna
790 1245 942 1336 videns,
960 1244 1147 1319 virtutum
1165 1245 1355 1344 praemia,
1372 1244 1499 1316 lauros

559 1350 683 1442 Quam
701 1363 871 1451 promtus
889 1351 1000 1425 nivea
1017 1353 1169 1426 tendere
1188 1375 1297 1449 saepe
1315 1375 1442 1424 manu.

455 1457 519 1533 Nil
536 1459 657 1558 igitur
673 1459 813 1533 mirum
831 1470 887 1533 est
903 1469 1009 1532 tanto
1027 1462 1097 1532 sub
1116 1482 1264 1532 caesare
1282 1459 1385 1557 leges

560 1566 722 1661 luraque
740 1565 940 1664 eonspiouo
958 1565 1030 1639 rite
1048 1590 1198 1639 manere
1219 1565 1313 1638 loeo,

457 1673 613 1746 Artibus
631 1672 807 1772 ingenuis
824 1683 1003 1746 exactum
1022 1697 1167 1771 semper
1186 1672 1367 1746 honorem
1454 1745 1456 1750 ,
1544 1721 1548 1732 -

559 1779 735 1871 Deosrni,
752 1790 790 1853 et
806 1778 950 1852 meritis
968 1779 1117 1853 nonnisi
1135 1790 1232 1853 stare
1251 1780 1382 1851 deous:

455 1884 604 1976 Quotve
622 1883 726 1958 fovet
746 1910 837 1958 eura
854 1885 1080 1983 populorum
1099 1887 1211 1959 eorda
1229 1883 1350 1973 fideli,
1419 1951 1422 1958 .

560 1990 729 2064 Nominis
747 2002 785 2066 et
802 1990 925 2065 famae
942 2002 999 2066 tot
1017 2004 1260 2066 monumenta
1277 1990 1365 2090 legi.

455 2097 531 2173 Neo
550 2109 608 2171 sat
625 2109 705 2172 erat
723 2098 831 2172 terris
849 2098 1026 2173 sublimia
1046 2099 1199 2173 nomina
1216 2095 1326 2193 ferri3

560 2203 608 2278 Ni
625 2229 728 2278 mare
746 2204 1087 2296 Francisoum,
1105 2230 1181 2301 qua
1199 2214 1320 2302 patet,
1338 2227 1448 2276 omne
1466 2203 1575 2276 eolat.

456 2311 550 2386 Cum
568 2302 755 2412 Zephyris
772 2311 884 2403 Euri,
900 2311 1020 2409 tepidi
1039 2307 1125 2386 oum
1145 2310 1395 2407 Aquilonibus
1414 2309 1542 2383 Austri

560 2416 719 2491 Nomine
737 2422 808 2494 sub
827 2428 929 2492 tanto
948 2418 1104 2518 turgida
1122 2418 1209 2492 vela
1226 2417 1384 2491 vehunt.

455 2521 548 2613 Quis
567 2524 713 2599 nesoit'l
732 2525 921 2624 plaoidum
940 2550 1015 2620 quo
1035 2525 1140 2623 paois
1159 2546 1298 2598 numen
1317 2524 1447 2621 adoret
1506 2553 1509 2560 ¹

560 2631 736 2724 Pectore,
755 2633 892 2728 detque
910 2631 982 2729 piis
998 2631 1115 2705 thura
1132 2632 1332 2705 cremanda
1350 2628 1453 2704 focis.

455 2737 560 2810 Anne
579 2737 693 2812 etiam
711 2739 838 2834 siquos
855 2738 980 2813 minus
998 2738 1056 2811 illi
1075 2739 1193 2812 oernit
1211 2737 1371 2827 amieos,

561 2841 645 2933 Quo
663 2845 793 2919 divam
812 2846 920 2945 proni
939 2846 1232 2936 deterrerentur,
1251 2844 1363 2944 agit?

456 2947 550 3023 Siste
568 2953 731 3048 gradum
747 2952 811 3051 pia
829 2977 947 3044 musa.
975 2954 1090 3029 Pares
1108 2977 1182 3027 non
1200 2951 1282 3051 ipsa
1301 2950 1464 3025 Maronis

561 3056 829 3133 Francisoo
847 3060 978 3133 laudes
996 3062 1138 3157 plectra
1157 3078 1289 3133 sonare
1306 3070 1455 3153 queant.

455 3160 524 3235 Eia
542 3163 631 3237 boui
649 3164 768 3238 cives!
787 3166 912 3255 (deoet
929 3165 1018 3256 hoo,
1036 3175 1073 3238 et
1092 3190 1290 3264 possumus
1308 3171 1455 3252 omnes)

561 3268 771 3344 Tendamus
790 3271 957 3369 duplices
975 3271 1099 3344 sidera
1117 3274 1165 3345 ad
1183 3272 1260 3345 alta
1277 3295 1421 3344 manus,

457 3372 489 3448 Ο
507 3376 652 3474 superi,
670 3387 750 3450 toto
769 3377 1005 3477 geminemus
1023 3388 1192 3476 peotore:
1212 3402 1339 3452 aarum

560 3482 631 3557 Tot
648 3482 795 3583 regniS,
813 3484 961 3583 populis
979 3485 1206 3585 protegitote
1226 3485 1392 3583 patrem!

929 3706 1139 3721 m

877 3907 1078 4013 lelegis
1095 3911 1192 4031 m.
1242 4006 1247 4015 ,

407 4126 460 4193 Aa
478 4102 775 4193 rusulusuuuu
792 4131 855 4199 too
872 4130 1002 4198 uomitu
1036 4128 1066 4195 V.
1089 4145 1201 4216 regem
1218 4128 1412 4218 Hoaportoe
1429 4130 1580 4200 sollemni
1597 4130 1666 4197 ritu

850 4256 1086 4341 imparatam
1108 4248 1218 4320 1830.

460 4408 492 4519 i)
512 4438 701 4533 quondam
719 4439 854 4513 validis
874 4420 1036 4538 Arptd
1053 4441 1200 4515 sublate
1217 4441 1386 4533 laoertis,

564 4542 775 4644 Hungarioi
792 4545 933 4621 vindex
953 4547 1133 4639 nomime,
1152 4560 1264 4644 atque
1282 4549 1369 4623 soli!

460 4648 604 4747 Aspicis
622 4656 707 4740 (aut
724 4676 852 4725 manes
872 4651 1025 4753 fugiunt
1042 4655 1105 4753 pia
1122 4654 1283 4755 gaudia)
1300 4666 1472 4754 gentem,

565 4755 671 4846 Quae
689 4760 842 4833 dederat
859 4759 980 4857 primo
1000 4758 1083 4835 iura
1101 4786 1274 4860 suprema
1290 4760 1390 4835 tibi‘l

460 4862 625 4961 AspieiS,
643 4889 762 4961 usque
780 4890 923 4940 memor
940 4866 1054 4941 iurati
1073 4865 1243 4959 foederis⁷
1261 4868 1400 4941 almam

565 4969 733 5070 Regibus
751 4984 794 5046 ut
812 4974 948 5073 flagret
963 4976 1116 5050 reddere
1134 4987 1214 5051 tota
1230 4974 1374 5049 fidem?
