4084 6000
1002 577 1085 690 200

939 691 1148 704 m

410 789 580 866 Pilarum
599 789 730 883 series,
749 789 871 866 luerat
888 813 984 887 quae
1001 813 1089 865 cara
1107 791 1330 886 Ooiinthiis,

409 896 516 988 Itala,
534 894 627 991 quid
644 889 975 997 praeamet'telluS,
993 898 1132 974 disces:
1151 901 1263 974 modo
1281 900 1374 996 quid
1392 902 1487 998 sint,
1580 955 1582 959 -

408 1003 616 1098 Demirans,
633 1015 778 1080 mutata
796 1005 925 1098 nimis,
943 1004 1111 1106 magalia
1128 1008 1329 1102 quondam.

410 1110 575 1187 Pulchra
594 1111 764 1207 quidem,
782 1113 847 1185 sed
863 1112 960 1211 proh
978 1113 1101 1186 dolor!
1120 1113 1199 1188 illic
1218 1117 1344 1205 (crede
1363 1117 1548 1208 monenti)

410 1209 611 1294 Grassatur
628 1218 703 1294 late
723 1219 905 1293 scelerum
924 1219 1153 1314 nequissima
1170 1223 1295 1296 turba.
1352 1309 1356 1321 Ι

410 1324 493 1399 lllic
510 1325 655 1400 desidia
674 1336 747 1423 est,
765 1325 843 1400 illic
861 1325 1002 1420 Venus
1020 1327 1118 1420 alea,
1135 1328 1262 1420 luxus,

375 1428 379 1434 ’
411 1431 633 1528 Morumque
653 1432 869 1507 innumerae
887 1444 1029 1533 pestes:
1047 1433 1170 1508 vitare
1189 1445 1378 1509 memento
1513 1450 1515 1454 ’

410 1537 526 1632 Haec,
545 1550 664 1637 pater,
682 1551 719 1614 et
737 1549 868 1615 natum
888 1565 1033 1615 moneo.
1051 1539 1154 1632 Quos
1172 1539 1282 1615 foeda
1300 1553 1469 1617 moratur

411 1645 624 1723 Garrulitas
637 1647 781 1746 vmultos
800 1671 938 1739 cerneS,
958 1643 1156 1748 fugiasque
1173 1661 1360 1724 morantes

411 1752 497 1828 Sive
517 1754 584 1828 ubi
602 1753 761 1829 sollicito
781 1755 969 1830 siccantur
986 1754 1095 1856 pocla
1112 1754 1305 1849 ministro,

313 1918 315 1921 -
412 1859 485 1936 Seu
502 1871 637 1936 coeunt
654 1861 721 1936 ubi
739 1863 853 1935 densa
871 1886 1015 1961 vagum
1033 1862 1073 1935 in
1092 1863 1303 1960 spectacula
1322 1864 1473 1964 vulgus.

515 1966 659 2043 Exulat
675 1970 770 2043 urbe
786 1967 900 2061 fides,
918 1968 1037 2066 pietas
1056 1970 1187 2068 procul
1206 1970 1337 2044 exulat
1355 1973 1460 2045 urbe.

411 2074 628 2151 Successore
646 2075 738 2168 doli,
758 2075 962 2176 stygiaque
981 2075 1115 2150 incude
1133 2088 1287 2176 paratae
1361 2069 1364 2073 ¹

409 2180 587 2275 Fraudes,
605 2208 648 2256 ac
667 2182 853 2281 Superum
872 2190 1103 2276 contemtuS,
1121 2195 1158 2257 et
1177 2184 1344 2278 undique
1361 2207 1485 2258 mores

411 2290 596 2388 Corrupti.
616 2288 714 2364 Hinc
732 2313 859 2363 cernes
877 2289 1211 2392 turritasuperbia
1229 2302 1412 2386 quantum

411 2395 613 2473 Sustulerit
630 2407 755 2496 caput,
773 2408 810 2471 et
827 2399 1015 2496 despectet
1034 2422 1146 2471 saeva
1164 2397 1348 2495 minores,

411 2503 485 2580 Vel
503 2506 604 2598 quod
623 2504 777 2581 Oroeseo
795 2529 870 2578 non
889 2505 964 2579 sint
983 2507 1028 2578 de
1048 2514 1245 2596 stemmate
1263 2504 1359 2598 nati,

411 2609 484 2684 Vel
502 2613 604 2710 quod
621 2609 813 2687 fortunam
832 2611 994 2695 nimium
1013 2636 1159 2686 sensere
1178 2612 1379 2687 sinistram.

247 2754 251 2762 1
280 2777 282 2780 .
410 2717 519 2792 Illinc
539 2729 680 2815 quanta
698 2718 778 2792 sitis
796 2719 934 2793 multos
953 2730 1092 2793 exurat
1108 2719 1274 2794 habendi

411 2826 606 2918 Advertes,
624 2850 739 2921 quam
758 2825 812 2898 nil
830 2837 960 2901 curent
977 2827 1194 2923 iustumque
1212 2826 1425 2925 piumque,¹

369 2996 371 3001 .
410 2932 512 3029 Dum
532 2957 662 3009 census
681 2934 886 3032 cumulent,
903 2935 995 3009 dum
1013 2934 1111 3009 celsa
1128 2933 1270 3034 palatia
1287 2943 1438 3033 ponant.

516 3040 596 3116 Hos
615 3040 728 3116 etiam
746 3043 917 3116 advertes
936 3042 1037 3119 intra
1055 3054 1093 3115 et
1110 3041 1291 3115 mutarier
1309 3052 1429 3116 extra.

412 3147 492 3225 Vix
510 3148 665 3223 firmum
684 3147 870 3223 invenies:
889 3150 1027 3250 grandi
1044 3150 1164 3249 gemit
1180 3150 1250 3223 iste
1268 3150 1480 3249 podagrae,

409 3255 617 3331 Asthmatis
636 3255 700 3328 ille
718 3255 838 3352 malo,
863 3257 1083 3331 surdescunt
1101 3267 1188 3330 ante
1207 3266 1394 3330 senectam

411 3363 539 3455 Multi,
558 3374 595 3439 et
613 3362 737 3435 adhuc
755 3364 903 3437 iuvenis
922 3363 999 3436 sine
1017 3364 1118 3438 vitro
1136 3364 1241 3437 haud
1259 3364 1379 3438 noscit
1397 3362 1560 3440 amicum

412 3468 498 3546 Uno
518 3469 718 3563 distantem
736 3494 867 3567 passu,
885 3468 1075 3544 fluitantia
1093 3471 1193 3544 laxis
1220 3563 1223 3569 Ι
1299 3483 1301 3488 ’

412 3579 456 3653 In
474 3578 619 3653 braccis
639 3601 765 3650 cernes
783 3577 846 3650 hic
864 3602 994 3671 crura,
1017 3577 1073 3653 ibi
1090 3603 1194 3675 more
1213 3583 1412 3677 caprorum

411 3685 617 3762 Promissas
635 3687 772 3761 barbas
791 3688 830 3757 in
848 3685 1005 3760 honore:
1024 3684 1163 3760 redisse
1181 3696 1333 3784 putares

411 3792 516 3884 Quae
536 3792 593 3882 bis
612 3792 750 3867 abhinc
769 3801 949 3887 quattuor
966 3794 1163 3867 fluxerunt
1180 3796 1342 3869 barbara
1352 3793 1483 3867 saeclis

411 3901 613 4000 Tempora,
632 3925 699 3999 per
715 3900 869 3999 plateas,
887 3924 954 3999 per
971 3900 1157 3999 compita,
1175 3923 1242 3999 per
1259 3900 1480 3997 biviumque

413 4008 501 4084 Otia
519 4018 723 4107 captantes
742 4008 869 4101 oculis,
887 4006 1104 4108 linguisque
1122 4008 1290 4108 petulcos

413 4116 625 4215 Conspicies
643 4116 793 4191 multos.
814 4115 886 4190 Sed
906 4114 1005 4189 enim
1024 4115 1108 4209 quis
1124 4114 1277 4214 singula
1294 4114 1430 4214 possit,

412 4224 534 4299 Urbes
554 4248 649 4318 quae
668 4232 797 4321 captas
815 4224 916 4296 mala
933 4230 1089 4314 vexant,
1106 4247 1198 4297 voce
1217 4220 1385 4297 referre?

413 4330 506 4422 Quis
524 4354 632 4405 curas
651 4329 793 4422 animi,
808 4329 891 4426 quis
911 4328 1085 4403 acumina
1103 4329 1272 4405 dixerit?
1292 4340 1359 4404 aut
1378 4353 1465 4403 cum

415 4439 504 4539 Spes
522 4441 672 4530 animat,
691 4436 803 4511 timor
821 4437 945 4537 angit,
964 4462 1071 4521 amor
1087 4461 1196 4512 caeco
1214 4436 1303 4538 igne
1321 4438 1500 4512 molestus

413 4547 578 4622 Mentem
596 4545 691 4643 urit,
711 4569 829 4642 quum
843 4544 893 4647 ‚li's
912 4545 1036 4635 labat,
1061 4554 1128 4620 aut
1145 4570 1333 4644 possessor
1351 4547 1517 4645 adauget

412 4652 575 4757 Hospitii
593 4677 741 4746 census,
759 4677 886 4727 rerum
904 4662 1090 4729 crescente
1107 4653 1247 4728 valore.
