4084 6000
926 639 1001 716 187

322 855 484 929 Donatus
501 851 622 928 fixam
646 854 772 927 valeat
791 864 958 939 avertere
975 855 1112 956 legam.

322 959 607 1056 Necquidquam
624 958 756 1060 timido
775 957 898 1060 fugies
916 964 1031 1061 pede,
1049 971 1202 1062 tergora
1220 960 1363 1037 frustra

324 1067 524 1144 Convertes
542 1065 677 1142 morti:
697 1092 771 1140 non
788 1079 825 1141 te
846 1069 994 1144 decreta
1013 1069 1214 1165 relinquet.

325 1173 489 1250 Demetit
507 1175 599 1248 haec
618 1172 793 1267 iuvenes,
812 1175 963 1252 senibus
983 1175 1195 1250 certissima
1213 1174 1349 1250 falcem

325 1283 500 1356 Intentat.
519 1281 649 1357 Mortis
668 1281 732 1356 lex
750 1279 872 1356 ferrea
891 1293 1026 1358 cuncta
1045 1283 1208 1384 subegit.

431 1388 501 1465 (lui
518 1388 641 1463 virtus
659 1387 763 1478 cordi
781 1399 857 1482 est,
877 1390 1027 1488 placido
1046 1414 1160 1486 quem
1179 1389 1361 1490 conspicit
1379 1389 1445 1489 illa
1546 1452 1550 1462 .

326 1496 505 1588 Lumine,
525 1492 767 1594 conspicuum
787 1495 929 1571 meritis
948 1497 1179 1572 comitantur
1196 1496 1369 1572 honores.

327 1604 395 1679 Hle
415 1627 503 1677 suae
523 1604 624 1678 cives
642 1602 806 1701 patriae,
824 1628 893 1678 ceu
913 1602 1032 1679 frater
1050 1615 1197 1678 amatus

328 1710 482 1811 Diligit,
501 1710 644 1784 alterno
663 1711 821 1784 recreati
839 1723 971 1808 pectus
990 1737 1129 1786 amore.

328 1817 377 1893 Et
395 1816 498 1891 favet
517 1827 554 1891 et
571 1816 847 1916 placidiscives
867 1817 1131 1918 complectitur
1148 1818 1268 1908 ulnis,

329 1925 456 2019 thue
474 1935 617 2023 potest,
634 1933 741 1998 curat
759 1924 948 2000 studiosus
966 1925 1073 2018 iura,
1091 1927 1302 2021 decusque,

330 2030 443 2122 Queis
462 2031 606 2131 patriae
625 2027 761 2104 nomen
778 2031 928 2124 rutilet,
947 2031 1174 2128 fortunaque
1193 2043 1344 2106 crescat.

318 2141 380 2241 ‚Aa
398 2139 497 2212 cives
517 2164 624 2212 rarae
642 2137 795 2212 virtutis
814 2137 968 2240 fulgure
987 2139 1089 2239 capti

330 2247 537 2338 Mirantur,
556 2247 710 2344 plausus
728 2243 942 2345 geminant,
961 2249 1053 2336 dum
1071 2246 1211 2320 talibus
1229 2245 1351 2318 almus
1404 2332 1408 2343 ι

332 2354 487 2454 Templa
504 2351 665 2426 recludit
683 2352 805 2426 honor
823 2354 1044 2429 meritorum
1064 2355 1147 2428 luce
1166 2351 1341 2426 coruscis.
1364 2398 1367 2403 -
1403 2351 1406 2356 ’
1439 2382 1442 2385 ·

331 2460 415 2536 Non
433 2459 543 2559 vulgi
562 2459 746 2534 instabilis
766 2457 874 2534 favor
892 2459 976 2534 illos
994 2461 1092 2536 ludit
1111 2463 1160 2534 ad
1178 2459 1254 2533 alta
1411 2468 1414 2475 ’

332 2566 440 2643 Nunc
457 2567 613 2658 tollens,
632 2566 769 2640 humili
787 2591 886 2641 nuuc
906 2593 1079 2669 mergens
1097 2568 1252 2666 pulvere
1271 2589 1425 2665 pressos.

438 2675 526 2750 Alta
543 2673 637 2772 petit
656 2672 797 2771 virtus,
815 2699 892 2768 quo
911 2701 985 2749 non
1003 2673 1227 2749 mortalibus
1245 2673 1315 2747 alis

334 2782 518 2857 Scandere
537 2780 594 2854 fas
613 2779 747 2872 fuerit,
767 2802 944 2880 spernens
965 2780 1116 2856 fallacia
1133 2791 1223 2856 vota

335 2889 500 2988 Spesque
518 2887 715 2971 hominum
733 2887 916 2980 tumidas,
936 2899 973 2964 et
992 2914 1101 2989 opes,
1118 2899 1156 2962 et
1175 2885 1369 2988 splendida
1387 2907 1520 2984 regum

333 2997 441 3072 Atria
460 3022 545 3071 cum
566 2993 698 3071 studiis
716 2995 844 3088 vanis,
863 2997 1046 3094 fluxoque
1062 2994 1202 3094 favore.

334 3106 510 3201 Dumque
528 3103 591 3177 alii
610 3104 731 3177 titulis
750 3129 992 3179 nummorum
1012 3105 1109 3184 mole
1127 3102 1303 3195 coemtis,

335 3214 412 3289 Aut
430 3210 560 3311 primis
580 3209 730 3310 fulgent
747 3210 787 3283 in
805 3208 955 3285 sedibus
975 3224 1055 3287 arte
1073 3204 1215 3311 paratis
1304 3250 1312 3259 -

335 3318 419 3394 Non
437 3343 577 3414 aequa,
595 3318 831 3417 gemmisque
850 3344 986 3419 graves
1006 3345 1175 3415 auroque
1194 3318 1372 3392 nitentes:
1475 3341 1478 3347 ·

338 3427 424 3503 Sola
443 3426 558 3499 micat
575 3425 699 3499 virtus
718 3427 869 3523 proprio
889 3425 1040 3527 fulgore
1058 3428 1189 3520 beata,

338 3534 592 3628 Sublimisque
610 3533 741 3606 volans
760 3532 884 3607 rutilis
904 3546 1017 3634 caput
1036 3534 1165 3609 inserit
1182 3533 1304 3612 astris.
1346 3582 1348 3587 η

442 3640 607 3733 Fallere,
626 3638 796 3736 quisquis
814 3636 845 3713 is
864 3667 924 3740 es,
942 3642 1020 3716 sine
1038 3640 1246 3741 relligionis
1264 3645 1390 3713 amore

221 3814 226 3821 .
337 3748 413 3840 Qui
431 3761 467 3822 te
487 3745 635 3820 felicem
653 3758 825 3846 reputas3
844 3748 911 3843 qui
929 3774 1034 3823 sacra
1051 3747 1221 3848 profanis

338 3856 491 3947 Misces',
509 3854 570 3928 cui
589 3870 767 3954 superum
786 3880 861 3929 non
880 3868 936 3930 est
953 3856 1164 3938 reverentia
1183 3878 1305 3929 curae.
1366 3881 1370 3886 ·

337 3966 529 4064 Dogmata
545 3962 612 4057 qui
630 3961 751 4053 rides,
771 3962 913 4037 Cereris
931 3964 998 4060 qui
1015 3965 1172 4062 prodere
1191 3986 1340 4035 sacrum

339 4073 464 4146 Audes
483 4072 677 4144 arcanum.
694 4070 831 4144 Procul
850 4070 918 4144 ahl
938 4072 1068 4171 procul
1087 4081 1166 4145 esto
1186 4067 1358 4155 sceleste!

339 4178 453 4254 Nulla
472 4176 568 4251 mihi
585 4187 710 4251 tecum
730 4174 844 4250 fuerit
862 4179 1096 4270 communio,
1114 4177 1241 4250 nullus

340 4285 488 4361 Nexus:
508 4309 584 4358 non
601 4284 734 4360 iisdem
753 4294 877 4359 tecum
896 4286 1152 4385 penetralibus
1171 4310 1269 4377 esse,

340 4392 373 4469 N
375 4419 422 4467 on
441 4391 617 4492 fragilem
635 4404 761 4465 tecum
779 4392 928 4491 cupiam
948 4394 1101 4468 solvisse
1120 4392 1329 4492 phaselum.

341 4500 492 4576 Scilicet
510 4499 689 4573 innocuos
706 4509 821 4599 urget
838 4525 1034 4599 persaepe,
1053 4510 1252 4573 nocentum

341 4608 480 4701 Causa,
498 4607 673 4701 lovisque
691 4630 846 4698 manus,
865 4608 956 4681 dum
973 4608 1050 4681 tela
1068 4600 1234 4681 furentia
1251 4606 1401 4696 vibrat,

342 4714 424 4791 Non
443 4713 566 4788 minus
585 4738 628 4787 ac
647 4714 745 4788 iusto
762 4710 896 4788 merito
915 4725 969 4788 est
987 4717 1188 4789 metuenda
1206 4715 1373 4788 scelesto.

338 4821 413 4897 Nec
431 4821 583 4896 latuisse
602 4832 726 4920 potes,
746 4845 813 4895 nec
831 4846 988 4922 magnos
1008 4820 1140 4894 fallere
1159 4820 1286 4918 divos3

338 4928 475 5005 Omnia
493 4928 631 5028 quippe
649 4929 800 5020 vident,
818 4937 855 5001 et
867 4927 1184 5003 cunctisactibus
1203 4931 1350 5003 adsunt.

339 5037 462 5113 Tarda
481 5035 655 5133 quidem,
674 5038 739 5110 sed
756 5044 859 5111 certa
877 5034 1005 5111 fremit
1024 5035 1245 5110 coelestibus
1265 5036 1332 5112 ira.

866 5222 1076 5233 ...nun-..-
