4084 6000
1053 623 1103 696 84

496 827 528 903 Ο
547 830 693 923 quoties
711 832 860 926 divum,
878 835 1021 910 vindex
1042 860 1137 932 quae
1154 864 1262 940 saepe
1280 841 1467 920 malorum
1480 832 1545 942 be,

599 937 706 1013 Illius
725 941 776 1013 ad
794 952 928 1017 votum
946 945 1083 1019 dextra
1101 947 1266 1049 benigna
1284 951 1406 1024 cadis!

494 1043 621 1134 Quid'?
642 1046 816 1121 cecidisse
833 1061 1050 1149 parumest3
1070 1051 1216 1130 confers
1236 1082 1385 1154 quoque
1404 1083 1560 1136 munera
1578 1063 1702 1138 dives:

599 1152 738 1253 Nempe
758 1168 911 1231 movent
929 1159 1065 1232 rutilos
1085 1169 1164 1235 tam
1184 1163 1247 1261 pia
1265 1189 1369 1240 sacra
1386 1166 1502 1267 polos

492 1258 584 1349 Quis
603 1273 716 1360 neget
732 1261 836 1337 illius
855 1276 1010 1365 captum
1028 1266 1205 1344 libamine
1225 1272 1388 1367 coelum,

496 1363 500 1372 ’
597 1365 708 1457 Quod
724 1368 836 1444 toties
855 1371 912 1445 illi
931 1373 1040 1447 dulce
1060 1375 1187 1450 videre
1206 1375 1311 1454 fuit?

492 1473 523 1546 F
524 1484 603 1548 orte
622 1475 745 1568 volae,
763 1476 920 1552 Geinum
940 1479 1110 1576 quisquis
1130 1485 1303 1578 sectaris,
1322 1498 1367 1561 ut
1383 1488 1498 1581 illud,

596 1582 718 1681 Impia
736 1587 837 1680 quod
856 1585 977 1661 defert
995 1591 1172 1683 dextera,
1192 1618 1330 1668 numen
1348 1598 1481 1671 amet?
1576 1591 1580 1599 ’

491 1688 668 1780 Falleris,
686 1701 724 1764 et
743 1691 847 1766 coelo
865 1693 1024 1794 dignum
1043 1696 1074 1769 si
1093 1723 1231 1772 munus
1251 1701 1429 1796 habebis,

596 1795 770 1872 Cuiusvis
789 1825 943 1898 expete,
963 1803 1125 1896 credito,
1144 1797 1240 1880 labis
1259 1808 1340 1884 erit.

491 1901 580 1975 ‘lale
600 1915 745 2002 pater
763 1911 975 1984 venerande
993 1911 1090 2008 polis
1110 1911 1243 1986 offerre
1262 1915 1428 2015 solebas3

596 2011 810 2112 Cognatum
827 2015 950 2113 potuit
967 2017 1049 2091 iure
1067 2019 1213 2118 placere
1233 2023 1315 2099 sibi.

493 2115 677 2213 Quodque
697 2122 825 2195 decem
844 2123 987 2220 pla-cuit
1004 2124 1153 2218 lustris,
1172 2127 1335 2203 iubilaea
1353 2132 1524 2225 colende,

596 2223 700 2316 Quae
719 2229 904 2323 celebrae,
923 2231 1021 2305 divis
1040 2232 1124 2329 quis
1142 2233 1328 2333 placitura
1346 2241 1487 2340 neget‘l

1059 2481 1080 2538 a

929 2560 952 2601 r
1106 2593 1108 2600 .
1187 2563 1208 2605 u

491 2768 600 2844 Musa
619 2765 723 2842 fave!
742 2766 876 2868 dignas
894 2778 1034 2865 patre
1051 2777 1157 2842 tanto
1175 2766 1307 2843 suffice
1325 2771 1516 2863 flammas,

596 2875 671 2951 En!
691 2887 844 2975 accepta
860 2875 939 2950 Deo
958 2876 1055 2949 dona
1073 2876 1240 2967 laturuS,
1258 2879 1375 2952 adest.

491 2983 612 3070 Mitis,
633 2996 675 3057 ut
693 3010 814 3085 agnus
833 2986 941 3077 adeS,
959 2981 1094 3059 niveus
1112 2984 1217 3059 velut
1236 2984 1322 3061 alba
1340 2986 1534 3063 columba:

597 3091 774 3167 Attamen
791 3091 830 3166 in
849 3095 959 3167 docto
977 3091 1163 3190 plurimus
1182 3118 1244 3167 ore
1262 3094 1392 3195 vigor:-

494 3200 629 3273 Iudieii
647 3198 839 3301 gravitas,
858 3201 970 3274 rebus
987 3223 1093 3274 mens
1112 3212 1261 3297 promta
1278 3202 1470 3301 gerendiS,

596 3304 783 3381 Nobilitas
802 3305 962 3406 generis,
981 3306 1221 3402 iustitiaeque
1240 3308 1355 3409 rigor.

491 3416 577 3513 Ipsa
596 3414 710 3487 simul
728 3414 900 3509 sequitur
919 3412 1068 3487 dileetio
1086 3438 1177 3487 vera
1195 3440 1369 3512 suorum,

595 3520 647 3595 Et
661 3520 846 3616 quidquid
863 3545 1003 3620 magno
1023 3511 1165 3620 parque
1185 3522 1394 3619 decensque
1412 3524 1494 3598 viro
1514 3537 1580 3601 est.

491 3629 589 3702 Hinc
609 3640 721 3725 etque
739 3627 828 3702 hinc
846 3629 982 3727 longus
1001 3628 1222 3703 meritorum
1240 3627 1412 3731 fulgurat
1430 3634 1542 3724 ordo,

469 3797 471 3804 ,
598 3735 664 3826 Et,
685 3736 751 3833 qui
769 3760 808 3810 se
826 3735 968 3809 meritis
987 3734 1143 3835 iungere
1162 3739 1322 3837 gaudet,
1342 3737 1470 3812 honos.

491 3844 739 3944 Progreditur
757 3853 839 3917 tota
856 3842 1017 3917 fratrum
1036 3842 1235 3918 eomitante
1254 3870 1409 3937 corona,

596 3952 755 4027 Aemula
773 3976 888 4048 quam
905 3949 1024 4050 pietas
1043 3951 1147 4025 ducit
1165 3976 1342 4049 amorque
1361 3953 1537 4053 patris.
1586 4001 1588 4007 «

493 4060 611 4133 Ardet
628 4084 745 4134 ovans
764 4058 932 4133 studiosa
950 4058 1103 4152 cohors,
1121 4070 1411 4157 patremque
1429 4060 1637 4161 benignum

596 4166 772 4265 Excipit,
790 4176 829 4240 et
846 4165 1022 4241 manibus
1039 4166 1145 4242 basia
1164 4164 1260 4240 ferre
1281 4168 1395 4242 volat.

492 4267 622 4365 Quidl
641 4275 743 4371 quod
760 4284 798 4347 et
814 4276 905 4348 urbs
922 4282 1079 4372 pestana
1097 4275 1172 4347 suis
1190 4300 1209 4349 e
1229 4274 1379 4351 sedibus
1397 4275 1497 4349 ultro

596 4382 703 4457 Mota
720 4378 824 4455 favet
841 4380 939 4454 votis
957 4380 1177 4476 obsequiosa
1194 4380 1277 4481 piis

491 4491 585 4565 Pars
604 4489 781 4582 veniunt,
799 4498 980 4584 tantoque
997 4487 1082 4562 viro
1102 4490 1148 4561 de
1165 4513 1318 4563 munere
1336 4488 1469 4565 divum

599 4597 755 4674 Conscia
771 4595 936 4672 laetitiae
954 4619 1125 4695 promere
1142 4598 1258 4671 verba
1275 4598 1436 4687 student.

492 4707 585 4781 Pars
602 4704 790 4781 mirantur
807 4728 921 4797 onus,
939 4706 1046 4800 quodw
1059 4702 1183 4778 adbuc
1202 4702 1421 4779 florentibus
1442 4703 1548 4778 annis

598 4813 801 4905 Sustinuit,
821 4815 922 4909 quod
941 4811 1065 4885 adhuc
1084 4808 1249 4908 fertque,
1267 4820 1443 4907 tenetque
1463 4835 1589 4885 senex.

494 4919 588 4996 Sunt
605 4945 754 5018 quoque
773 4928 982 4995 transactae
1000 4930 1197 4995 numerent
1216 4917 1468 5017 qui'tempora
1485 4916 1604 5014 vitae,

598 5028 741 5127 Cuique
759 5052 914 5104 manum
936 5026 1125 5128 imponat,
1143 5026 1306 5129 plurima
1323 5028 1435 5101 turba
1452 5026 1538 5101 ruit.
