4084 6000
945 625 1017 701 131

397 840 468 915 Ars
486 863 556 912 sua
574 837 623 912 sit-
641 838 800 937 pedibus
818 837 892 929 (nil
909 845 1060 938 pugno)
1078 837 1202 934 sitque
1221 837 1391 919 lacertis:
1448 871 1451 884 ⁴
1554 841 1559 866 ³

504 944 587 1020 Non
606 945 788 1041 siteques
805 945 940 1020 melior
957 958 1017 1037 te,
1036 945 1243 1041 meliorque
1261 950 1383 1050 pugil.

399 1057 466 1128 Ast
483 1077 636 1152 operam
654 1065 775 1127 terere
792 1062 869 1146 est,
887 1052 920 1126 si
937 1052 1017 1126 solo
1036 1053 1077 1126 in
1096 1077 1250 1152 corpore
1268 1055 1419 1132 laudem
1554 1112 1558 1120 -

503 1157 693 1252 QuaeraS,
711 1172 748 1234 et
764 1172 931 1236 mentem
949 1184 1028 1234 nox
1047 1159 1228 1242 diuturna
1245 1177 1403 1261 premat.

396 1269 512 1344 Dotes
531 1292 670 1364 quaere
689 1267 808 1342 animi
827 1292 917 1366 prae
935 1267 1121 1367 corporis:
1140 1268 1224 1362 ille,
1245 1268 1326 1364 fac,
1345 1275 1493 1374 amplae
1554 1269 1561 1336 ³

502 1374 703 1450 Doctrinae
721 1376 844 1450 multa
861 1375 945 1450 luce
964 1399 1141 1450 coruscus
1161 1388 1233 1452 eat.

398 1483 513 1584 ignea
530 1481 589 1557 vis
607 1481 726 1558 menti
744 1493 801 1556 est
819 1482 1041 1583 penetrandi
1058 1483 1244 1583 plurima,
1262 1482 1369 1564 dives

503 1588 609 1682 Quae
628 1602 764 1667 natura
781 1615 850 1665 sno
868 1589 997 1665 condit
1016 1602 1148 1689 operta
1167 1591 1262 1666 sinu.
1377 1629 1381 1634 ·

396 1697 504 1772 Hanc
523 1697 657 1771 crassis
676 1710 802 1773 teneat
820 1697 852 1771 si
871 1697 1027 1798 ignavia
1045 1698 1148 1772 lenta
1165 1702 1351 1794 tenebris,

502 1802 661 1879 Noveris
680 1804 752 1879 hoc
770 1804 873 1880 vitae
889 1806 1054 1883 ⁴dedecus
1073 1829 1152 1879 esse
1171 1816 1271 1882 tuae.

398 1912 592 1989 Phoebeas
611 1912 753 1987 nescire
772 1912 880 2006 viae,
892 1912 1081 2008 lunaeque
1099 1913 1268 2006 labores,

502 2018 612 2095 Unde
630 2020 920 2111 tremattellus,
937 2031 1081 2094 crescat
1099 2031 1138 2095 et
1156 2023 1259 2096 unda
1277 2023 1404 2099 maris.

397 2125 430 2201 N
432 2150 589 2223 esseque
606 2126 677 2202 vix
694 2127 811 2202 aliam
828 2126 973 2227 patriae
992 2137 1080 2227 post
1097 2127 1231 2202 limina
1250 2130 1397 2227 sedem;

503 2233 620 2334 Saepe
639 2235 774 2335 plagas
791 2235 938 2336 patriae
956 2260 1025 2310 nec
1043 2237 1138 2310 bene
1157 2261 1265 2311 nosse
1284 2261 1385 2312 suae.
1412 2277 1416 2284 ·

298 2440 302 2446 Ι
398 2340 437 2417 Si
456 2339 608 2443 fugiant
626 2341 798 2418 animum
816 2340 1153 2418 saeclornmtfacta
1166 2353 1340 2437 vetusta,

504 2448 671 2525 Vincula
687 2449 870 2551 silegum
888 2449 1049 2547 iuraque
1067 2450 1161 2524 scire
1181 2475 1316 2553 neges,
1377 2470 1379 2473 ’
1457 2497 1462 2510 ,

398 2555 493 2648 Quis
511 2581 587 2630 non
605 2567 717 2657 turpe
733 2559 875 2657 putet?
893 2558 958 2633 vel
975 2557 1062 2652 quis
1081 2557 1285 2634 mirabitur
1302 2559 1442 2635 isthinc
1497 2589 1501 2598 ·
1537 2605 1539 2612 ·
1565 2561 1570 2627 ί

503 2662 676 2740 Nominis
694 2664 883 2740 iredecus
902 2663 1132 2762 divitiasque
1151 2666 1314 2765 procul?
1347 2721 1351 2728 -
1462 2719 1465 2728 ¹

400 2771 545 2874 Exige,
563 2796 660 2868 quae
679 2771 831 2864 messis,
849 2771 1047 2847 doctrinae
1060 2775 1259 2872 commoda
1268 2785 1461 2874 praestet,

501 2875 628 2970 Quam
645 2880 799 2955 laudem
816 2877 1124 2980 ingenio„quam
1142 2880 1341 2981 pariatque
1360 2881 1473 2959 diem.
1581 2947 1583 2950 .

398 2987 465 3063 Est
483 3012 528 3064 ea
546 2983 616 3062 fax
634 2984 772 3080 animi,
791 2988 873 3062 dux
891 2985 1015 3080 vitae,
1034 3012 1125 3062 vera
1143 2988 1321 3089 voluptas

502 3094 572 3173 Est
590 3092 714 3171 famae
732 3093 929 3195 genitrix,
948 3105 1251 3196 perpetuumque
1269 3099 1393 3173 decus.

400 3204 490 3277 Inde
509 3201 582 3279 tibi
599 3202 735 3277 melius
754 3209 883 3278 rerum
901 3202 1144 3304 cognoscitur
1162 3215 1314 3287 auctor:
1421 3230 1424 3233 ·

503 3307 553 3388 Et
571 3334 641 3384 sua
659 3308 811 3386 divinus
827 3309 970 3410 pabula
988 3308 1104 3388 sumit
1122 3336 1240 3386 amor.

400 3418 669 3513 Cetera,·quae
687 3417 821 3518 magni
837 3415 923 3493 fieri
939 3418 1003 3494 vel
1020 3442 1129 3518 posse
1146 3418 1347 3512 videntur,
1432 3456 1438 3489 ·.

505 3524 691 3617 Divitiae,
710 3549 842 3600 census
853 3524 1027 3626 „gratia
1047 3524 1170 3607 forma
1179 3526 1339 3628 ,vigor,

399 3631 535 3709 Omnia
552 3630 744 3708 deficiunt
751 3632 860 3707 donis
879 3632 1017 3707 collata
1034 3632 1293 3709 Minervam:

505 3738 687 3816 Scilicet
676 3739 822 3841 ingenii
811 3739 1027 3816 deteriora
1047 3740 1166 3816 bonis.

400 3846 478 3921 Illis
496 3848 614 3947 longa
632 3846 731 3939 dies,
750 3847 813 3921 vel
832 3871 974 3943 aquae,
990 3848 1054 3922 vel
1072 3849 1227 3924 flamma
1246 3830 1455 3946 nocebunt3
1571 3866 1575 3875 “

505 3955 581 4029 Aut
599 3904 731 4029 eadeni
748 3952 858 4029 sortis
876 3956 1040 4049 datque,
1059 3953 1233 4054 rapitque
1252 3979 1398 4043 manus

400 4061 540 4137 Afferet
559 4069 598 4135 et
616 4059 816 4143 formae
777 4087 859 4135 vim
877 4086 953 4135 non
971 4060 1175 4137 humanior
1193 4072 1316 4154 aetas,
1425 4134 1430 4141 ,
1567 4098 1571 4125 =

503 4168 768 4265 Destituetque
787 4169 856 4244 sua
874 4166 1087 4245 mobilitate
1105 4170 1229 4269 pedes

398 4276 551 4353 Etcum
571 4286 677 4376 septa
695 4276 806 4352 malis
824 4277 1000 4351 succedet
1014 4278 1128 4353 tarda
1148 4287 1318 4356 senectus

504 4384 689 4484 Planges,
707 4392 822 4480 atquc
840 4382 900 4458 tui
917 4383 972 4459 nil
990 4408 1182 4483 superesse
1201 4408 1342 4484 gemes.

397 4490 483 4582 Qua
502 4488 667 4584 formae,
684 4501 753 4565 aut
772 4490 981 4590 opibust
926 4488 965 4565 sa
967 4491 996 4566 ti
1014 4490 1274 4586 dominabitur
1291 4490 1370 4587 ira,

504 4597 655 4699 Ingenii
672 4608 821 4697 parcet,
839 4595 969 4675 mitior
987 4597 1055 4673 illa
1073 4582 1193 4675 bonis.
1255 4650 1271 4681 μ

319 4759 324 4771 .
399 4706 502 4781 Ment
487 4718 524 4779 te
542 4705 687 4780 sedebit
704 4705 844 4797 honos,
861 4704 992 4781 laurus
1010 4716 1078 4781 tua
1096 4716 1267 4809 tempora
1283 4703 1434 4806 cinget

504 4810 587 4888 Non
605 4812 689 4887 istis
707 4763 846 4911 poterii
862 4811 980 4912 longa
997 4838 1130 4889 nocere
1150 4812 1239 4890 dies
1471 4892 1475 4897 ,

399 4918 532 5011 Quave
550 4922 684 5020 pedem
702 4916 832 5002 tuleris
852 4942 983 4994 musae
1002 4920 1231 4996 comitantur
1250 4928 1421 4998 euntem:
1513 5000 1517 5004 ,
1568 4934 1581 5005 ,”

504 5026 587 5101 Hae
605 5026 676 5103 tibi
695 5025 804 5101 divit
777 5038 872 5119 trae,
888 5035 1009 5121 tecta,
1027 5027 1203 5115 leuamen
1221 5037 1343 5105 erunt.
1447 5074 1471 5111 ·,

1353 5132 1405 5211 9*
