4084 6000
1009 577 1084 651 104

441 810 443 813 ’
463 795 580 868 (larus
598 793 741 868 amicus
760 793 841 868 obit
863 837 906 847 -
929 791 1033 865 cadit
1051 789 1145 865 heu!
1164 815 1250 889 pars
1269 793 1388 866 altera
1405 792 1540 886 uostri3

568 901 611 975 In
630 925 697 974 nos
715 925 765 974 an
783 900 909 999 potuit
925 896 1108 998 grandius
1126 897 1180 972 ire
1199 899 1374 974 malum?

463 1007 600 1083 Riserit
619 1007 712 1082 haec
730 1007 886 1103 aliquis,
906 1005 961 1080 nil
978 1005 1114 1078 miror:
1134 1004 1278 1079 scilicet
1295 1005 1352 1078 illi

480 1181 484 1188 .
570 1114 705 1188 Nullus
723 1113 910 1189 amicitiae
930 1112 1079 1187 foedere
1099 1112 1249 1186 vinctus
1266 1123 1355 1186 erat.

465 1224 513 1297 At
533 1221 629 1296 mihi
646 1247 713 1321 per
729 1233 848 1296 terras
866 1222 896 1294 si
916 1221 1127 1316 quidquam
1146 1219 1269 1294 carius
1287 1219 1353 1294 illa
1373 1232 1448 1312 est,

571 1328 676 1419 Quae
694 1328 821 1404 stabili
839 1329 968 1428 iungit
984 1337 1136 1426 pectora
1153 1352 1269 1427 pura,
1286 1326 1391 1402 fidet

464 1436 545 1511 Hac
564 1435 642 1511 sine
661 1437 754 1533 quid
770 1437 852 1510 vita
869 1439 957 1511 est‘l
976 1436 1084 1509 labor
1103 1446 1176 1525 est,
1198 1445 1263 1509 aut
1282 1435 1391 1533 plena
1410 1434 1553 1510 timoris
1596 1433 1600 1440 ’

570 1544 683 1635 Acta,
702 1544 763 1618 vel
782 1544 921 1617 insanis
939 1567 1052 1617 saeva
1070 1543 1235 1641 procella
1252 1541 1368 1619 Notis'.
1508 1545 1513 1553 '

465 1650 631 1751 Navigat
649 1649 796 1725 infestis
813 1662 880 1726 tua
898 1649 1025 1724 forsan
1044 1649 1179 1750 puppis
1197 1650 1235 1724 in
1254 1650 1396 1726 undis‘l

570 1759 666 1850 Ista,
685 1758 793 1849 vide,
811 1769 964 1857 praeeat
983 1757 1109 1831 lucida
1127 1758 1234 1832 stella
1253 1757 1355 1831 viae.¹
1381 1803 1384 1812 .

466 1865 571 1956 Quae
590 1864 717 1938 faveat
735 1865 849 1958 velie,
866 1865 945 1939 fido
964 1889 1040 1961 qua
1058 1889 1096 1938 es
1115 1865 1265 1940 iunctus
1283 1863 1437 1954 Achati,

571 1974 715 2065 Aurae,
735 1974 842 2047 crede
860 1972 975 2063 mihi,
991 1973 1109 2046 tutior
1129 1997 1218 2046 usus
1237 1971 1319 2046 erit.

466 2080 585 2154 Dulce
605 2081 713 2176 queri
732 2082 819 2155 est?
838 2079 944 2154 dabit
962 2080 1025 2152 hic
1044 2080 1227 2178 patientes
1245 2080 1440 2174 questibus
1460 2094 1590 2168 curet,

570 2185 725 2277 Quaeve
742 2187 813 2261 tibi
832 2188 947 2261 siccet
964 2187 1110 2261 lumina
1127 2197 1289 2278 maesta,
1308 2209 1474 2261 manum.

467 2293 607 2368 Forsan
626 2295 822 2394 Apollinea
840 2295 963 2392 poscis
980 2295 1095 2368 miser
1114 2305 1195 2368 arte
1214 2293 1366 2368 levari?
1548 2288 1551 2293 ’

572 2402 678 2475 Illius
698 2427 877 2500 panacem
897 2404 1052 2476 dextera
1073 2412 1220 2500 promta
1238 2400 1342 2477 feret.

470 2509 618 2583 Assidet
635 2520 672 2582 et
690 2507 788 2583 fesso
805 2510 995 2607 placidus,
1015 2533 1139 2584 comes
1157 2509 1228 2584 ibit
1247 2510 1371 2601 eunti,
1505 2532 1507 2538 ’
1529 2548 1544 2567 ··

572 2615 621 2690 Et
639 2617 773 2690 dubias
791 2630 917 2690 tecum
937 2615 1086 2712 fertque
1104 2615 1272 2712 feretque
1293 2616 1405 2692 moes.

469 2723 624 2821 Sensisti
643 2724 810 2815 Damon,
828 2724 922 2819 quid
940 2723 1052 2796 amici
1072 2724 1196 2823 gratia
1214 2724 1349 2822 possit,

573 2831 621 2906 Et
640 2843 701 2922 tu,
721 2832 782 2905 cui
801 2833 965 2931 Pylades
982 2832 1134 2904 uinctus
1154 2855 1280 2906 amore
1299 2829 1384 2906 fuit.

469 2939 552 3038 lpse
570 2938 830 3013 Menoetiaden
849 2940 956 3012 ultus
975 2939 1048 3013 nisi
1065 2938 1166 3013 fidus
1185 2938 1370 3033 Achilles,
1392 2962 1398 2981 '
1488 2992 1491 3001 -

416 3126 424 3137 .
575 3047 758 3120 Haeserat
775 3047 968 3147 Euryalus
986 3069 1060 3120 non
1080 3048 1172 3139 nisi,
1191 3044 1298 3138 Nise,
1316 3048 1431 3139 tibi,¹

469 3154 596 3229 Eheu!
615 3156 707 3227 dum
726 3180 843 3227 nexos
862 3155 1002 3252 pietate
1020 3156 1196 3227 recordor
1215 3156 1375 3247 amicos,

576 3260 628 3336 Ut
646 3287 767 3334 novus
787 3262 933 3334 invadit
952 3272 1101 3358 pectora
1120 3272 1251 3335 nostra
1264 3262 1390 3337 dolor!

472 3368 613 3467 Nempe
628 3369 736 3442 subis
755 3369 950 3457 Pinter,
969 3369 1103 3441 merito
1123 3370 1313 3444 carissime
1330 3370 1457 3460 nobis,
1555 3378 1569 3397 ’Ὗ
1600 3378 1602 3413 ²

576 3475 624 3550 Et
643 3481 807 3549 subeunt
823 3485 948 3549 tecum
968 3488 1137 3573 tempora
1155 3478 1270 3549 ducta
1286 3476 1396 3551 mihi.

471 3584 628 3678 Iamque
646 3583 751 3656 sinus
769 3584 900 3656 videor
920 3582 1166 3657 mihtrursus
1185 3584 1288 3659 adire
1306 3582 1455 3675 fideles,
1477 3612 1480 3619 ’
1516 3620 1518 3626 ·

577 3688 714 3764 Oscula
733 3691 885 3786 iamqua
904 3689 995 3764 meis
1012 3692 1131 3765 sentio
1149 3689 1231 3765 fixa
1247 3692 1365 3792 genis.

355 3794 358 3799 ’
471 3799 624 3894 Iamque
643 3799 719 3872 tuis
738 3807 886 3886 nostrae
905 3799 1119 3873 mulcentur
1138 3801 1295 3874 vocibus
1313 3825 1442 3891 aures,

576 3905 653 3979 Aut
671 3906 725 3979 ibi
744 3908 858 3980 missa
877 3916 984 3981 sonat
1002 3907 1151 4005 saepius
1171 3907 1268 3981 alma
1288 3908 1399 3983 salus.

474 4014 546 4090 Per
565 4014 677 4113 iuga,
694 4035 762 4111 per
780 4013 917 4103 valles,
936 4013 1129 4109 saltusque
1150 4038 1318 4089 erramus
1337 4014 1470 4111 iidem,

525 4117 530 4121 ’
578 4118 779 4194 Falluntur
797 4121 934 4195 iunctis
952 4121 1077 4195 taedia
1094 4121 1209 4219 longa
1227 4122 1310 4197 viis.

472 4230 672 4302 Absentem
692 4228 862 4323 quaeris,
881 4227 989 4301 lateri
1007 4228 1213 4326 praesentis
1233 4229 1435 4323 adhaeres,

576 4334 637 4408 Me
655 4334 733 4407 sine
752 4334 858 4408 nulla
874 4334 946 4409 tibi
964 4335 1110 4435 surgit,
1129 4335 1283 4431 abitque
1294 4337 1390 4429 dies.

470 4436 580 4530 Quod
599 4444 711 4516 modo
729 4453 767 4516 te
786 4441 893 4516 nobis
911 4441 1038 4540 rapuit
1057 4442 1154 4515 male
1173 4468 1312 4518 numen
1332 4443 1518 4536 amicum,

476 4605 478 4609 ψ
511 4573 513 4576 ·
567 4548 626 4650 ...Et
643 4574 841 4648 properam
859 4548 938 4622 sine
957 4573 1017 4623 me
1037 4549 1153 4623 suasit
1171 4550 1273 4625 adire
1293 4547 1396 4625 viam
1406 4552 1429 4625 ¹?
1448 4578 1452 4585 ·

470 4655 671 4745 Quassiue
688 4667 726 4730 te
744 4656 909 4731 lacrimis
929 4656 1040 4731 boras
1059 4659 1169 4744 modo
1188 4654 1517 4748 ducozmaderr'te's,

576 4763 670 4838 Cum
688 4764 823 4863 lepidis
841 4774 1012 4862 poteram
1029 4765 1165 4849 ducere
1183 4763 1279 4841 forte
1298 4767 1398 4846 iocis.
1470 4823 1473 4831 .

472 4869 622 4945 Laetari
640 4870 749 4945 nivea
767 4871 927 4970 pietate,
945 4870 1116 4972 fideque3
1136 4898 1203 4949 nec
1221 4899 1328 4965 acer,

576 4976 678 5055 Orba
696 4978 779 5074 quis
798 4978 995 5054 excruciet·
1007 4991 1161 5079 pectora
1180 5005 1307 5073 nosse,
1327 4981 1442 5057 dolor.
1519 4988 1522 4995 ’
