4084 6000
943 603 1155 727 „Q

413 816 630 916 Composuit
648 819 771 894 nexu!
788 817 933 914 quoties
953 820 999 892 de
1018 818 1195 893 cordibus
1214 829 1338 911 atras,

413 923 592 1000 Dissolvit
609 927 749 1018 nubae,
766 927 964 1020 lucemque
982 925 1133 1000 revexit
1153 925 1323 1001 amicam.

518 1032 672 1126 lamque
690 1032 811 1108 honor
829 1032 1015 1106 illustrem
1035 1032 1178 1106 meritis
1197 1058 1263 1132 per
1280 1034 1444 1109 culmina
1467 1047 1593 1110 vectat
1663 1049 1670 1062 ‘

411 1137 541 1212 Ardua
559 1139 764 1236 praesuleis
782 1141 1000 1212 decoratum
1020 1138 1253 1238 insignibus3
1273 1143 1374 1216 unde

414 1245 476 1320 Sol
494 1245 600 1318 velut
617 1271 666 1320 ex
685 1247 762 1322 alto
781 1247 928 1338 radios,
945 1246 1118 1320 sublimis
1137 1271 1336 1322 amoenum

412 1352 682 1448 Virtutumque
701 1354 812 1428 iubar
828 1354 970 1445 vibret,
989 1353 1177 1448 sinuetque
1196 1356 1387 1430 madentes

413 1461 462 1534 Et
479 1460 606 1533 viduis
625 1454 752 1534 oculos
771 1461 955 1561 gregibus
974 1459 1183 1558 pressisque
1202 1460 1352 1536 sinistra

413 1567 538 1663 Sorte,
557 1567 690 1641 iubens
710 1569 783 1642 late
802 1569 956 1641 miseras
974 1567 1178 1666 proculire
1197 1568 1388 1664 querelas,
1454 1602 1457 1615 ·

412 1673 498 1748 lstri
516 1698 610 1768 quas
628 1675 783 1766 tumidi,
802 1699 897 1770 quas
916 1699 1132 1773 expressere
1154 1673 1299 1749 furores
1319 1679 1322 1690 '
1385 1681 1387 1689 ⁴

412 1779 583 1855 Vulcani.
604 1781 676 1855 Sed
695 1781 794 1855 enim
813 1780 1019 1880 speciosam
1039 1781 1208 1855 cominus
1229 1783 1359 1856 Archi·

411 1887 599 1963 Praesulis
617 1887 766 1962 insolito
785 1914 959 1988 sponsam
978 1887 1125 1988 fulgere
1144 1889 1316 1962 videmus

409 1995 542 2090 Cultu3
561 2020 698 2089 quaere
717 1996 864 2070 Titum:
884 2021 969 2069 mea
986 1997 1076 2086 lux,
1096 2021 1178 2070 mea
1196 1995 1358 2094 gaudia,
1377 1995 1495 2089 dicet,

409 2102 503 2176 Tam
521 2102 683 2201 pretioso
702 2129 761 2176 me
780 2105 957 2178 Petrus
975 2103 1186 2202 praecinxit
1204 2103 1367 2195 amictu,

409 2209 456 2283 dt
474 2208 594 2283 solida
611 2211 760 2309 argenti
779 2210 970 2308 praecepit
986 2211 1161 2308 lampade
1179 2222 1345 2284 nostram

407 2316 595 2393 Exci-nari
612 2341 730 2390 aram.
748 2315 854 2408 Quae
873 2316 1012 2391 iactent
1030 2316 1194 2415 plurima
1213 2316 1357 2392 circum

408 2423 564 2522 Templa
581 2434 728 2498 tenent:
747 2450 881 2503 verum
899 2423 1152 2522 praecunctis
1172 2425 1274 2498 ecce!
1293 2423 1440 2500 Osanad
1459 2451 1497 2499 sc

409 2529 548 2622 Offert,
566 2543 604 2604 et
621 2533 819 2606 Petrum
837 2532 950 2631 super
969 2529 1122 2604 aethera
1140 2531 1271 2605 tollere
1290 2541 1426 2622 certat,

408 2639 660 2733 Laetaturque
676 2637 773 2737 polis
793 2664 895 2711 nexu
912 2637 1086 2736 propiore
1105 2636 1258 2710 revinci.

513 2745 582 2819 Ast
599 2745 673 2837 ibi,
692 2770 790 2841 quae
806 2743 927 2819 tendit
945 2753 1032 2834 (uec
1049 2746 1160 2818 ludcr
1178 2743 1343 2845 imagine
1362 2753 1479 2836 vana)

408 2852 555 2950 Poplite
571 2855 684 2926 turba
702 2852 827 2926 minor
843 2851 1011 2950 duplices
1030 2850 1216 2926 adsidere
1235 2853 1399 2950 palmas,

406 2961 611 3035 Percarum
630 2959 766 3035 Petri
784 2982 939 3051 nomen,
957 2959 1162 3055 laudesque
1181 2960 1396 3063 resultans?

406 3068 598 3167 Agnosco:
618 3093 738 3167 nuper
755 3067 963 3166 languebat
980 3091 1135 3165 corpore
1153 3078 1249 3164 tot03

407 3174 562 3250 Sederat
579 3198 642 3248 ore
660 3174 799 3264 samec,
817 3185 856 3247 et
871 3175 1003 3248 vultus
1019 3174 1142 3273 pallor
1160 3174 1345 3267 habebat,

406 3282 589 3377 Nudaque
607 3293 710 3355 veste
729 3282 854 3381 prius,
874 3283 1051 3376 nudoque
1070 3284 1141 3355 sub
1159 3282 1323 3357 aetheris
1342 3308 1415 3357 axe
1455 3336 1457 3343 -

405 3387 522 3464 Nocte
539 3388 675 3485 dieque
693 3400 840 3487 patrem
858 3389 1055 3480 amissum,
1074 3401 1310 3486 matremque
1329 3392 1498 3465 dolenter
1526 3450 1529 3499 ε
1549 3424 1554 3453 ε

405 3495 645 3596 Ingeminans
662 3494 761 3572 votis
779 3496 947 3587 coelum,
965 3496 1215 3595 precibusque
1234 3500 1404 3597 rogabat.
1526 3508 1528 3515 ’

405 3601 488 3678 Non
506 3603 596 3678 tulit
612 3603 710 3678 hanc
728 3603 889 3702 speciem
909 3604 1107 3694 PetruS‚
1125 3602 1309 3699 tectisque
1328 3616 1513 3703 receptam

404 3710 452 3785 Et
469 3709 551 3785 vice
570 3709 724 3785 solliciti
742 3711 962 3809 complexus
980 3710 1117 3809 patris,
1136 3723 1308 3785 amanter

405 3819 583 3893 Providet
600 3843 685 3893 aere
703 3842 783 3892 suo.
812 3817 901 3909 Pia,
918 3829 1028 3918 grato
1046 3828 1195 3916 pectore
1215 3815 1321 3908 fusa,

404 3925 504 4000 Vota
522 3925 670 4000 valent:
689 3925 786 3999 soles
803 3924 891 3999 hinc
910 3923 987 3999 cari
1005 3924 1187 4023 praesulis
1204 3924 1307 3999 omni

404 4030 512 4107 Nube
530 4043 676 4124 carent,
695 4042 941 4127 calcantque,
960 4055 1112 4129 precor,
1131 4056 1199 4129 per
1216 4043 1386 4130 tempora
1403 4041 1548 4106 cuncta.

511 4138 541 4214 O
561 4139 678 4230 tanti,
697 4139 800 4213 senio
818 4137 980 4213 confecti
997 4137 1202 4237 praesuliS,
1221 4140 1339 4213 almas

404 4245 588 4321 Exercere
606 4246 708 4321 vices
726 4246 882 4347 posthac
893 4245 990 4337 ‚tibi
1008 4255 1173 4341 quanta,
1192 4246 1254 4322 Ge
1265 4246 1395 4346 orgi,

403 4353 549 4430 Gloria!
569 4354 679 4449 quale
697 4353 830 4427 decus!
849 4364 917 4428 tua
933 4375 1022 4427 nam
1040 4356 1133 4427 bene
1153 4353 1464 4453 cognitauirtus,

403 4460 678 4556 Doctrinaeque
695 4486 822 4561 seges,
841 4463 954 4535 rebus
972 4484 1078 4533 meus
1097 4470 1187 4559 apta
1204 4459 1399 4559 gerendis,

403 4567 668 4663 sermonisque
685 4569 810 4667 lepos,
827 4567 959 4641 vultus
978 4590 1129 4662 quoque
1147 4568 1274 4667 gratia
1291 4567 1411 4641 multa

402 4674 455 4751 Ut
472 4685 695 4749 cunctorum
713 4674 879 4766 animos,
899 4673 952 4747 sic
964 4684 1099 4773 pectus
1117 4673 1299 4773 praesulis
1317 4698 1411 4749 aevo

402 4782 578 4857 Provecti
595 4782 760 4866 retinent
777 4781 1015 4871 devinctum,
1034 4805 1173 4879 speque
1192 4794 1386 4855 morantur

401 4888 596 4980 Perdulci,
614 4886 715 4981 fore,
733 4888 801 4985 qui
817 4881 959 4987 pariter
976 4912 1043 4985 per
1061 4888 1202 4961 coelica
1219 4890 1333 4983 ducat
1423 4962 1429 4969 ,

401 4997 548 5076 Pascua
564 4995 751 5073 virtutum
768 4995 932 5086 clerum,
951 4994 1208 5102 populumque
1226 4994 1397 5105 fidelem,
