4084 6000
830 621 976 744 ..ἐ-73

407 831 488 907 Non
509 832 568 906 his
588 843 669 906 orta
689 830 763 907 fuit
780 832 954 930 patribus
974 829 1129 910 remane
1147 833 1323 908 iuventus

301 940 371 1013 Illc
390 939 517 1030 ferox,
536 938 705 1040 rigidum
724 964 822 1035 quae
840 940 1037 1040 Pyrrhum
1055 939 1204 1014 vincere
1222 941 1330 1014 novit
1342 970 1357 1033 3·

303 1047 555 1121 Hannibalem
573 1046 697 1146 gentis
715 1069 892 1120 romanae
906 1044 1076 1136 fulmen,
1094 1059 1131 1122 et
1149 1048 1320 1144 amplum

301 1153 459 1255 Viribus·
473 1152 703 1226 Antiochum
722 1151 860 1226 nostris
878 1151 959 1225 fera
976 1153 1077 1231 bellu
1095 1152 1299 1228 minantem

304 1259 518 1350 straverat}
536 1259 613 1334 Eoo
632 1259 820 1334 excellens
838 1257 1005 1354 Afroque
1023 1258 1227 1356 triumpho.
1320 1353 1323 1357 ¹

408 1365 482 1442 Sed
498 1365 621 1464 gentis
640 1377 789 1440 nostrae
808 1368 1000 1460 quondam
1018 1391 1200 1464 generose
1218 1387 1388 1463 propago

302 1471 470 1572 Agrestis
490 1471 630 1563 suerat,
649 1472 755 1546 duris
774 1472 942 1546 exercita
960 1475 1084 1546 rebus.

302 1579 423 1654 Docta
441 1579 562 1652 solum
580 1578 735 1678 pigrum
754 1578 879 1680 rigide
897 1601 1049 1652 versure
1067 1577 1216 1676 ligone,

302 1686 553 1785 Ingentesque
572 1684 674 1784 iugis
692 1696 820 1759 tauros
838 1708 993 1760 onerare
1012 1683 1191 1759 recurvis.

302 1792 405 1866 Haec
424 1791 537 1865 simul
556 1791 714 1866 arbitrio
733 1791 865 1866 matris
883 1790 1053 1866 subiecta
1070 1815 1223 1865 seveiee

302 1898 476 1975 Concisos
495 1897 662 1972 humeris
681 1896 867 1972 referebat
885 1899 1016 1972 sedula
1035 1894 1163 1973 fustes.

302 2005 507 2102 Praecipue
526 2007 616 2078 dum
635 2005 690 2080 sol
708 2005 810 2079 lenes
828 2016 1044 2080 mutaverat
1062 2006 1237 2093 umbras,

301 2111 350 2185 Et
367 2114 488 2186 bobus
507 2109 612 2186 fessis
631 2111 724 2211 iuga
742 2111 879 2185 demsit
897 2110 1083 2201 rusticus,
1101 2110 1241 2186 almam
1296 2121 1302 2132 '
1365 2128 1367 2132 ·

303 2218 399 2294 Solis
418 2220 466 2292 ad
485 2242 658 2291 occasum
675 2241 879 2318 properans
898 2230 1050 2316 captare
1069 2217 1245 2312 quietem.
1288 2256 1291 2259 ·

408 2323 491 2416 Quo
511 2325 606 2414 ruit,
625 2334 664 2398 et
681 2347 857 2423 praeceps
876 2322 969 2419 quid
988 2350 1063 2398 ncn
1081 2323 1287 2418 mutaverit
1305 2323 1427 2401 aetas!

302 2431 477 2505 Deseruit
494 2430 616 2504 virtus
635 2430 819 2505 maiorum
841 2431 999 2529 pulchra
1018 2440 1191 2528 parentes

301 2539 382 2611 Inm
401 2549 567 2612 nostros:
587 2550 626 2613 ct
644 2562 712 2614 nos
730 2538 874 2635 peiores
893 2537 1066 2635 patribus
1084 2535 1194 2634 ipsis,

301 2643 433 2734 Quid?
453 2644 525 2718 nisi
544 2656 739 2742 corruptos
759 2643 933 2718 dabimus
952 2644 1076 2742 magis
1094 2667 1215 2736 usque
1233 2654 1395 2744 nepotes.

830 2935 1041 2945 Ἥ

900 3178 963 3251 XI.

471 3397 563 3467 Nttu
580 3404 631 3467 cst
649 3399 692 3465 nb
710 3400 799 3465 omni
816 3404 916 3484 parre
933 3397 1076 3467 tectum.
1098 3397 1270 3467 Horctms.
1295 3394 1405 3465 1833.

304 3564 423 3677 Carae
441 3625 522 3702 spes
542 3603 705 3701 patriae,
725 3604 860 3679 solatia
877 3606 1001 3702 primu
1019 3615 1239 3703 parentum,

303 3707 438 3783 Noster
454 3733 580 3801 umor,
597 3710 714 3785 musis
734 3710 890 3808 placidis
907 3714 1046 3786 devota
1064 3711 1262 3787 iuventus!

303 3817 481 3891 Passibus
498 3815 562 3889 en!
581 3815 705 3890 tacitis
723 3816 888 3916 pueriles
905 3818 1079 3913 linquitis
1096 3842 1234 3906 annos,

303 3922 517 4018 Vestrnque
535 3935 716 3998 venturae
735 3923 811 3997 iam
829 3925 931 3997 vitae
950 3935 1102 4021 pectora
1119 3926 1279 3997 mordax

303 4030 405 4105 Cura
422 4030 526 4105 subit
543 4030 690 4104 sensim.
719 4030 858 4106 Patriis
877 4032 1055 4105 decedere
1073 4030 1183 4103 terris

304 4136 411 4210 Alter
426 4147 602 4236 cogetur,
621 4137 819 4237 peregrino
839 4139 915 4211 sole
934 4138 1098 4214 calentes

304 4245 506 4318 Pressurus
524 4253 686 4335 tractus,
704 4244 800 4318 notis
818 4243 1030 4333 disiunctus
1049 4246 1097 4319 ab
1116 4242 1212 4325 oris:

303 4348 391 4424 Uda
407 4349 480 4449 piis
497 4349 661 4425 lacrimis
679 4350 751 4425 nisi
768 4375 843 4446 quo
863 4350 1024 4450 suspiria
1043 4361 1229 4438 matrum,

304 4455 562 4551 Cancrumque
579 4469 731 4555 patrum
750 4454 937 4533 ferventia
954 4468 1046 4531 vota
1064 4468 1277 4551 sequentur.

305 4562 412 4638 Alter
429 4563 590 4637 sollicito
608 4564 738 4637 volvet
754 4567 825 4638 sub
843 4576 993 4663 pectore
1012 4562 1163 4636 cuinam

306 4670 353 4745 Se
370 4669 500 4769 generi
517 4670 667 4748 addicat
685 4669 808 4759 vitae,
827 4694 942 4764 quam
961 4671 1098 4742 ducere
1117 4668 1252 4757 vellet,

307 4776 346 4851 Si
362 4779 463 4851 bona
481 4774 559 4850 fata
576 4776 721 4865 sinant,
740 4786 862 4849 atrata
879 4779 980 4850 nube
999 4788 1199 4849 carentem.

303 4881 388 4974 Quo
407 4908 474 4957 vos
492 4907 639 4977 cunque
658 4882 751 4956 levis
769 4882 894 4957 dubiis
913 4907 992 4955 sors
1010 4882 1160 4955 vexerit
1179 4880 1265 4970 alis,

304 4990 436 5066 Sidera
454 4989 485 5063 si
503 4985 665 5081 niteant,
685 4990 777 5063 velis
796 4988 1039 5090 Zephyrique
1059 4986 1227 5062 faventes
