4084 6000
698 1411 1375 1618 anueraaun

883 1717 1025 1792 LIBRI¹
1042 1719 1184 1806 PRIMI

955 1905 1114 1914 ---—-—

792 2155 796 2162 ·
896 2053 1098 2159 Elegia
1125 2057 1165 2140 1.

400 2240 454 2309 Ad
481 2206 738 2305 ratncrscuu
767 2250 792 2304 1.
819 2243 1053 2326 imperatorem
1079 2247 1111 2308 et
1136 2258 1271 2328 repom„
1295 2243 1374 2310 dum
1400 2263 1419 2309 c
1444 2245 1667 2330 mortuora-

804 2367 939 2433 sissimo
953 2333 1128 2455 'conculcet
1151 2363 1269 2450 1826„

453 2521 591 2644 „Vivat
608 2551 685 2624 ior‘
703 2565 880 2626 resonant
898 2566 1041 2652 patres,
1059 2578 1154 2648 quos
1172 2555 1265 2626 urbe
1284 2553 1430 2628 Pisonis

557 2657 606 2732 Et
623 2659 767 2757 patriae
786 2672 823 2732 et
841 2662 943 2759 regis
962 2661 1099 2733 nobilis
1118 2660 1195 2733 urit
1213 2685 1330 2734 amor.

453 2766 595 2856 „Vivat
612 2765 649 2837 io
657 2765 689 2837 1“
707 2779 882 2863 repetunt
900 2767 1031 2866 populi
1049 2779 1246 2860 terraeque
1266 2769 1419 2856 beatae,

558 2871 634 2945 Nec
653 2885 808 2969 possunt
826 2873 939 2946 tacito
958 2873 1101 2971 gaudia
1119 2871 1215 2945 ferre
1234 2872 1328 2945 sinu.

452 2977 563 3054 Orbis
582 2977 759 3071 deliciae,
778 2979 808 3053 F
820 2979 1099 3071 ranciscus,
1118 2980 1194 3054 tela
1212 2979 1368 3053 minacis

556 3084 706 3185 Effugit
723 3088 875 3184 mortis3
894 3087 979 3182 quis
997 3086 1062 3185 pia
1079 3100 1169 3161 vota
1187 3088 1363 3185 premat?

452 3192 610 3265 Ferreus
628 3206 705 3285 est,
723 3218 836 3287 quem
855 3220 930 3267 non
949 3194 1166 3269 communia
1183 3194 1326 3294 gaudia
1344 3204 1526 3291 tangunt,
1594 3256 1598 3261 .

556 3297 678 3389 Quem
697 3326 772 3373 non
790 3302 954 3375 laetitiae
973 3302 1084 3407 signa
1103 3304 1238 3374 decora
1254 3314 1420 3374 movent.

450 3406 563 3480 Ecce!
583 3418 715 3504 petunt
733 3408 873 3505 pietate
891 3432 1028 3508 graves
1047 3408 1180 3481 altaria
1199 3418 1368 3507 mystae,

556 3512 605 3587 Et
621 3514 753 3587 votiva
770 3517 845 3588 Deo
863 3515 978 3587 thura
996 3539 1199 3612 precesque
1217 3514 1337 3597 litant.

451 3618 636 3694 Exultant
653 3620 755 3693 cives
773 3622 916 3719 patriae
935 3620 1148 3716 summique
1168 3632 1337 3708 senatus,

556 3725 716 3802 Edentes
735 3720 851 3801 animi
869 3728 1030 3828 pignora
1049 3727 1208 3825 pulchra
1227 3726 1296 3799 sui.

344 3884 349 3893 ·
451 3835 543 3908 Pars
562 3833 646 3931 pia,
664 3823 762 3928 quae
780 3836 947 3909 mulcent
965 3834 1168 3933 flagrantia
1185 3844 1355 3930 pectora,
1374 3856 1480 3907 sensa

556 3940 615 4013 Ad
632 3942 826 4038 placidum
843 3943 1001 4015 suadent
1018 3966 1097 4013 esse
1116 3939 1269 4016 serenda
1286 3939 1477 4013 thronum.

451 4036 544 4123 Pars
563 4058 743 4145 concepta
758 4049 874 4147 legit,
893 4047 1142 4145 suaiungcns
1160 4057 1268 4141 vota3
1287 4070 1355 4119 nec
1374 4046 1495 4137 ullus,

556 4151 678 4242 Quem
695 4166 770 4229 no'n
788 4180 857 4253 par
873 4155 992 4252 pietas
1010 4158 1190 4248 mensque
1209 4152 1413 4245 animaret,
1432 4155 1546 4227 adest.

450 4257 550 4349 Quin
569 4259 683 4333 etiam
700 4274 831 4361 gentes
850 4262 924 4334 alio
944 4262 1014 4334 sub
1034 4260 1109 4335 sole
1128 4270 1314 4350 remotae,

554 4363 657 4455 Quas
675 4393 751 4440 non
767 4368 870 4441 illius
889 4380 1035 4466 sceptra
1053 4367 1220 4466 benigna
1238 4375 1397 4465 regunt3

449 4470 532 4545 Non
551 4473 675 4546 minus
694 4499 737 4547 ac
756 4476 908 4573 propria
925 4476 1114 4549 laetantur
1131 4497 1303 4568 quaeque
1320 4472 1449 4545 salute.

555 4578 697 4654 Tantus
715 4606 821 4654 amor
838 4594 993 4681 regnat,
1012 4594 1186 4653 caesar
1204 4588 1346 4668 amate,
1364 4578 1440 4653 tuil

449 4684 500 4758 Te
519 4686 675 4760 summis
693 4688 851 4761 rutilum
868 4688 1075 4761 virtutibus
1094 4686 1194 4760 orbis
1214 4709 1361 4775 amare,

554 4790 606 4865 Te
624 4796 718 4867 duce
735 4794 938 4867 condidicit
956 4792 1086 4888 fasque
1106 4792 1286 4891 piumque
1305 4791 1421 4885 sequi.

449 4898 500 4971 Te
520 4897 637 4990 vidit,
656 4901 796 4998 rapidis
814 4901 995 4974 iactatum
1013 4926 1122 4998 saepe
1141 4899 1334 4998 procelliS,

554 5006 794 5106 Impavidum
813 5008 976 5083 tumidas
995 5006 1213 5079 sustinuisse
1232 5005 1364 5079 minas.

1403 5110 1444 5183 l*
