4084 6000
1002 597 1051 672 67

448 808 526 884 Vos
543 807 682 909 vigiles
699 819 826 884 nootes
842 866 852 902 ,
868 835 937 884 vos
955 813 1066 886 docta
1083 811 1280 886 volumina
1297 821 1430 905 testes,

549 915 599 992 Et
619 927 742 990 rostra
759 917 1126 1013 eloquio-nobilitata
1145 932 1223 994 tuo.

447 1023 549 1098 Haeo
567 1023 654 1098 lieet
673 1024 798 1124 ampla
816 1037 924 1124 putes
942 1027 1108 1119 attalia,
1127 1025 1231 1103 fonte
1249 1025 1404 1127 perenni

550 1129 719 1206 Nominis
737 1134 837 1206 unde
856 1153 983 1207 reeens
1002 1131 1178 1229 famaque
1196 1136 1352 1230 lausque
1373 1135 1487 1209 fluat:

447 1238 514 1315 Est
530 1251 657 1313 tamen
674 1238 734 1313 his
752 1240 893 1333 maior,
912 1240 982 1314 soli
999 1240 1071 1315 tibi
1089 1242 1211 1315 iustus
1232 1242 1272 1315 in
1291 1239 1365 1315 oris

550 1346 599 1420 Et
617 1347 782 1447 patriae,
799 1359 837 1421 et
855 1349 1021 1440 cunetiS,
1040 1375 1116 1444 qua
1134 1361 1236 1448 patet
1255 1348 1376 1440 orbis,
1395 1349 1525 1424 honor.

448 1453 531 1546 Qua
550 1455 788 1554 sanoti'regis
808 1455 1052 1555 Stephani
1070 1482 1137 1557 per
1153 1481 1291 1557 regna,
1310 1456 1456 1556 piisque

552 1563 771 1638 Pectoribus
788 1564 862 1638 late
882 1564 1005 1639 cultus
1025 1587 1204 1660 amorque
1222 1565 1351 1664 viget:

445 1669 603 1745 Nomine
621 1673 691 1745 sub
710 1681 815 1744 tanto
834 1674 947 1745 decus
966 1672 1178 1746 immortale
1196 1671 1383 1763 manebit,

550 1777 599 1852 Et
616 1775 776 1852 referent
794 1802 903 1852 ouras
920 1790 1090 1878 tempora
1107 1791 1243 1853 cuncta
1261 1791 1356 1853 tuas.

446 1885 588 1960 Auctor
605 1896 669 1977 tu,
688 1882 887 1981 fautorque
906 1887 1011 1985 pius,
1030 1886 1249 1985 primusque
1268 1884 1419 1978 ferora,

551 1991 625 2084 Qui
643 1993 719 2066 iam
737 2014 856 2068 messe
875 1993 965 2068 satis
983 1993 1103 2067 divite
1121 1996 1279 2094 gaudet,
1299 1992 1393 2093 agri.

446 2099 538 2192 Hie,
556 2101 676 2174 veluti
693 2099 875 2176 Phoebus
888 2126 993 2175 roseo
1013 2103 1104 2176 dum
1123 2101 1247 2202 surgit
1266 2104 1314 2175 ab
1333 2101 1472 2192 Euro,¹

550 2207 594 2281 In
611 2208 764 2306 plenum
782 2209 918 2286 sensim
936 2207 1087 2306 proficit
1104 2234 1223 2305 usque
1242 2209 1367 2305 diem3

445 2315 701 2415 Ignifluosque
720 2315 833 2388 simul
852 2341 1033 2416 spargens
1051 2341 1137 2390 oum
1155 2317 1238 2390 luoe
1259 2317 1420 2406 oaloreS‚

549 2423 592 2496 In
612 2422 769 2497 solidam
789 2434 832 2496 ut
849 2435 990 2526 creseat
1009 2424 1138 2523 planta
1155 2424 1316 2515 tenella,
1335 2421 1445 2497 facit:

446 2529 530 2604 Non
548 2529 658 2604 aliter
674 2530 820 2623 studio,
838 2531 1013 2625 curisque
1030 2529 1206 2605 fidelibus
1225 2529 1368 2604 instans
1431 2530 1433 2534 ’

551 2637 689 2712 Sedula
706 2638 898 2712 contendit
916 2639 1018 2713 olara
1034 2663 1174 2730 corona
1192 2638 1339 2735 virum3
1437 2695 1440 2700 A

447 2744 498 2820 Ut
516 2745 636 2844 pietas
655 2743 811 2838 animia,
829 2756 873 2819 ut
891 2745 1016 2839 ⁸uultus
1034 2745 1182 2820 debitus
1201 2743 1295 2836 arie,

551 2852 677 2948 thue
695 2852 790 2952 polis
808 2851 911 2952 grati
929 2853 976 2926 sit
994 2877 1102 2952 seges
1121 2853 1248 2950 ampla
1265 2851 1366 2925 boni.

447 2959 531 3035 Iure
552 2958 671 3061 igitur
688 2961 841 3034 decorat
857 2960 972 3034 saeris
991 2953 1203 3059 pariterque
1223 2957 1389 3059 profanis
1459 2964 1461 2970 ’

396 3165 398 3170 Ι
550 3066 742 3168 Insignem
761 3066 1126 3169 studiispontifioale
1146 3071 1270 3142 decus,

446 3173 567 3266 Quive
586 3176 657 3250 Dei
676 3201 828 3251 oausam
846 3187 885 3250 et
902 3176 1048 3276 patriae
1067 3184 1146 3250 tam
1166 3175 1317 3249 sedulus
1336 3184 1468 3273 urget,

551 3284 638 3359 Iure
656 3283 727 3359 Dei
745 3291 783 3358 et
801 3284 945 3383 patriae
964 3285 1085 3359 laetus
1105 3309 1230 3357 amore
1251 3307 1338 3356 suae
1358 3293 1424 3355 est.

713 4008 717 4018 ,
864 3924 1066 4029 Elegia
1094 3925 1210 4010 xv.

394 4148 448 4217 Ad
466 4148 638 4237 Ioseptum
657 4156 834 4227 ortonae,
853 4166 952 4235 qaum
969 4149 1005 4216 to
1024 4150 1177 4217 districtu
1197 4145 1364 4217 litterario
1372 4145 1564 4231 posomensi
1581 4161 1659 4212 mu-

612 4290 676 4341 nus
691 4274 876 4360 superioris
894 4273 1074 4341 directores
1091 4274 1176 4362 repit
1194 4272 1306 4341 adiret
1327 4266 1437 4338 1824.
1531 4292 1532 4295 ¹

447 4422 491 4540 Si
507 4466 597 4540 lieet
614 4479 651 4541 et
669 4467 808 4567 pateris
826 4469 932 4542 tenui
950 4493 988 4542 se
1006 4469 1139 4543 tollere
1158 4490 1307 4559 musae,
1371 4496 1373 4499 ·

491 4569 493 4574 ’
551 4573 621 4648 Illa
637 4576 778 4668 libone,
797 4574 857 4674 Or
866 4576 996 4675 gler,
1015 4576 1169 4657 nomina
1185 4585 1313 4648 vestra
1331 4582 1450 4646 canet.

447 4679 516 4773 Et,
535 4682 567 4755 si
586 4685 736 4777 quando
755 4681 836 4756 sitit
854 4707 977 4756 sacras
996 4682 1254 4783 Aganippidos
1272 4682 1414 4771 undas,
1493 4738 1495 4743 ,
1568 4674 1573 4683 ’

552 4788 660 4864 Nune
678 4791 826 4866 imbuta
843 4782 918 4862 illis
936 4815 1076 4890 magna
1096 4815 1226 4864 sonare
1246 4786 1367 4887 eupit!

447 4896 532 4971 lure
552 4897 674 4996 cupit:
694 4896 847 4998 propria
863 4907 940 4989 est,
960 4895 1075 4971 faeiat
1092 4922 1188 4993 quae
1207 4920 1321 4971 eausa
1339 4894 1543 4968 disertum:
1592 4954 1597 4961 .

553 5006 678 5080 Parva
696 5016 848 5098 sonent,
870 5015 1020 5082 tantum
1040 5030 1133 5101 quos
1152 5004 1274 5079 aliena
1291 5011 1429 5077 movet.

1399 5108 1420 5181 5
1429 5109 1447 5150 *
