4084 6000
1001 638 1209 762 „1-88*

1048 1043 1164 1118 XVII.

741 1260 878 1330 Honora
895 1267 1028 1348 putrem
1045 1270 1137 1333 torm
1154 1271 1187 1333 et
1204 1272 1344 1336 motam
1362 1269 1462 1334 loom.

472 1428 571 1546 llaec
590 1497 693 1564 mea,
710 1473 856 1573 percari
875 1475 1084 1574 genitoreS,
1102 1486 1202 1550 tecta
1219 1476 1361 1551 subite!

470 1579 549 1654 Vos
568 1604 673 1653 amor
691 1580 766 1654 huc
786 1582 921 1674 nostri,
940 1582 1059 1682 pietas
1078 1583 1153 1657 huc
1171 1594 1300 1658 nostra
1318 1584 1486 1656 volentes

472 1688 660 1778 Deducat,
679 1687 919 1788 placidosque
940 1688 1046 1784 quies
1064 1691 1283 1782 comitetur,
1302 1704 1339 1764 et
1356 1717 1525 1782 omnem,

471 1793 577 1884 Quae
596 1807 767 1893 superat,
785 1821 933 1870 mecum
952 1810 1150 1897 componat
1168 1800 1302 1872 ducere
1321 1798 1451 1890 vitam.

470 1902 548 1975 Vos
568 1927 647 1992 me,
667 1910 773 1993 (nam
792 1903 963 1992 memini)
983 1914 1156 1978 tenerum
1176 1904 1324 1979 fovistis
1343 1907 1559 1993 alumnum,

470 2008 710 2104 Rexistisque
732 2035 834 2083 mea-e
853 2010 1016 2085 lubricos
1035 2011 1227 2112 lanuginis
1245 2037 1373 2086 annos.
1392 2091 1396 2095 ,

471 2117 607 2190 Vestra
625 2117 755 2214 procul
774 2127 900 2190 nostro
921 2119 1087 2192 sollertia
1106 2144 1259 2218 corpore
1278 2110 1401 2218 frig'us
1434 2203 1441 2214 ,

470 2221 661 2315 Exclusit,
680 2224 873 2320 vitamque
892 2219 994 2298 dedit
1011 2251 1080 2300 neo
1098 2227 1208 2301 sortis
1226 2219 1386 2326 egenam

471 2329 546 2404 Nee
563 2330 686 2404 laudis
705 2331 868 2429 patriae,
886 2333 1110 2430 prohibens,
1128 2360 1174 2408 ne
1192 2336 1288 2428 dura
1307 2331 1444 2432 fatiget
1509 2335 1512 2340 ’

470 2436 693 2536 PauperieS,
711 2441 913 2534 doctosque
933 2452 1045 2540 neget
1064 2444 1269 2539 producere
1289 2461 1432 2514 cursus.

469 2547 613 2619 Interea
631 2570 776 2645 semper
794 2571 873 2620 sese
891 2547 987 2622 mihi
1004 2549 1131 2645 patria
1148 2548 1269 2622 virtus

469 2655 625 2752 Insuper
643 2679 840 2728 occurrens
859 2658 1113 2730 venerandam
1131 2656 1324 2753 praebuit:
1345 2656 1444 2728 unde

470 2761 615 2834 Exacta
633 2759 749 2834 officii
768 2762 881 2854 ratic,
899 2761 1095 2861 pietasque
1113 2763 1291 2858 fidesque.

468 2870 512 2943 Iu
529 2868 712 2967 patriam,
731 2868 772 2950 in
789 2869 906 2943 socios
925 2869 1046 2959 cives,
1065 2870 1308 2966 studiumque
1327 2867 1459 2942 salutis

469 2974 685 3052 Communis
706 2976 801 3050 mihi
819 3002 910 3051 cura
931 2974 1068 3051 forent!
1089 3003 1252 3082 praeque
1272 2975 1445 3051 omnibus
1464 2975 1565 3048 alma

468 3083 652 3183 Relligio,
671 3084 889 3181 dominique
906 3084 1040 3178 timor,
1058 3086 1257 3181 cultusque
1275 3109 1478 3159 sacrorum.

576 3190 625 3266 Ol
645 3190 810 3286 quoties,
829 3191 963 3265 dilecte
984 3204 1109 3297 pater,
1127 3204 1194 3267 tua
1213 3192 1315 3267 dicta
1332 3192 1530 3301 revolvens

468 3297 636 3387 lncale0,
654 3298 889 3393 stimulisque
908 3299 1017 3373 novis
1035 3301 1141 3374 velut
1158 3310 1265 3374 actus
1285 3300 1323 3373 iu
1343 3323 1451 3372 omne

467 3406 664 3485 Virtutum
682 3430 803 3505 genus
822 3417 858 3479 et
876 3420 1018 3481 rectum
1035 3407 1242 3505 ‘compellor
1259 3418 1297 3481 et
1313 3431 1487 3501 aequum.

469 3513 640 3608 Namque
658 3523 724 3585 tuo
742 3512 873 3587 videor
890 3514 1036 3613 gremio
1055 3514 1234 3605 residere,
1252 3511 1436 3590 monentis

468 3619 575 3695 Nunc
594 3620 708 3695 etiam
727 3645 835 3695 voces
854 3621 983 3698 audire
1003 3631 1041 3695 et
1059 3622 1150 3696 talia
1168 3621 1288 3695 dicta:

421 3724 424 3733 ’
468 3728 562 3821 Fili,
581 3738 706 3802 noster
724 3754 847 3822 amor,
866 3729 1002 3805 teneris
1017 3732 1115 3803 bene
1133 3727 1437 3828 disciturannis,
1645 3816 1649 3820 ,

469 3835 579 3926 Quod
597 3836 753 3930 reliquis
771 3836 848 3910 iam
866 3860 970 3910 nosse
989 3836 1117 3932 iuvat,
1135 3847 1307 3911 tenerum
1326 3859 1476 3932 quoque
1495 3859 1643 3907 ramum

470 3943 692 4034 Flectimus,
712 3954 748 4017 et
767 3944 902 4019 limum
922 3941 1060 4018 formas
1079 3956 1280 4019 tenuamus
1298 3942 1337 4015 in
1357 3966 1505 4031 omnes,
1531 4016 1535 4022 ,

468 4050 643 4143 Fictrici,
662 4052 773 4142 dum,
792 4051 922 4125 mollis·
936 4051 1081 4143 adhuc,
1100 4050 1304 4145 mauuique
1323 4058 1502 4143 rotaeque
1550 4136 1553 4140 J

467 4158 707 4252 Obsequitur.
726 4157 836 4232 Puris
855 4158 893 4231 in
912 4159 1073 4256 pectoris
1091 4158 1246 4251 aedibus
1264 4158 1379 4251 inque

468 4264 630 4341 Arrectis
649 4256 786 4339 mentis
802 4266 962 4355 tabulis,
980 4266 1225 4360 maculaeque
1244 4263 1400 4338 serenis¹

468 4374 628 4449 Pronius
648 4371 826 4446 inseritur
844 4372 1036 4463 doctrinae
1055 4373 1359 4471 sacra-supellex.
1466 4363 1468 4368 ’

468 4480 615 4558 Scilicet
634 4492 670 4554 et
688 4480 799 4554 tellus
818 4478 906 4553 lolio
924 4480 1110 4578 lappaque
1129 4479 1268 4554 minaci

466 4589 621 4681 Libera,
640 4597 805 4687 speratas
823 4586 896 4661 nisi
915 4586 1035 4661 mittit
1051 4587 1089 4660 id
1108 4588 1243 4680 horrea
1259 4610 1409 4660 messes.

467 4696 575 4772 Nunc
594 4720 693 4770 nunc
711 4695 833 4795 prima
851 4706 957 4786 tuae,
975 4693 1052 4787 fili,
1071 4694 1120 4768 sit
1138 4720 1228 4768 cura
1246 4692 1377 4768 salutis

468 4802 603 4879 Officio
622 4813 808 4903 prognata
825 4799 906 4902 pi03
924 4801 1134 4895 reverentia
1151 4802 1290 4877 summi

467 4909 640 4985 Numinis
658 4910 756 4999 hanc
774 4909 921 5001 foveat,
939 4911 1118 5005 cultuque
1137 4912 1289 4986 decente
1309 4910 1503 4982 subactam

470 5018 631 5094 Adiiciat
649 5020 787 5093 sociam
805 5018 929 5111 vitae,
948 5018 1194 5113 comitemque
1213 5016 1374 5091 fidelem.
