4084 6000
891 905 1118 1011 merla
1145 905 1269 994 XII.

460 1125 649 1195 Honoribus
668 1124 846 1195 Fronor'rcr‘
871 1119 1097 1190 ΒΖΑΝιεΖιΟΔ
1120 1141 1238 1192 moure
1264 1125 1414 1212 episcopi
1441 1125 1727 1213 moeno-oorodr'-

643 1247 754 1315 uersis
770 1247 867 1315 loliur'
884 1247 970 1314 ritus
986 1245 1190 1316 sollemniter
1208 1248 1417 1334 aruspicoutr's
1440 1245 1548 1315 1851.

515 1399 585 1512 Eia
603 1437 735 1538 chelys
747 1474 760 1527 ,·
774 1441 927 1512 tandem
947 1438 1127 1514 diuturna
1146 1439 1294 1515 silentia
1312 1439 1464 1538 rumpe!
1517 1474 1520 1486 »

620 1543 654 1617 N
656 1571 702 1616 on
722 1543 813 1618 facit
831 1548 879 1618 ad
897 1545 1039 1620 laetum
1056 1559 1164 1621 muta
1182 1571 1337 1621 camena
1355 1546 1466 1620 diem.

514 1649 620 1725 Illius
639 1651 861 1741 (bencenis)
880 1664 1006 1725 tenero
1025 1653 1235 1728 mulcemur
1253 1679 1404 1744 amore,

619 1757 734 1832 Cuius
752 1755 936 1830 festa-tibi
955 1759 1025 1832 lux
1044 1760 1266 1833 celebranda
1286 1759 1410 1860 micat

514 1862 591 1938 Nec
610 1865 750 1955 nescis,
768 1864 918 1938 laurum
934 1865 1007 1939 ubi
1028 1891 1086 1939 me
1105 1866 1274 1962 vovisse3
1294 1865 1469 1940 sed-olim

502 1967 506 1976 ’
621 1970 675 2044 Ut
693 1970 755 2068 pia
774 1970 965 2069 conspicui
983 1971 1166 2070 praesulis
1186 1983 1271 2046 acta
1285 1995 1411 2062 canas.

514 2075 615 2150 Vota
632 2077 779 2150 valent:
798 2076 931 2151 faustis
951 2090 1102 2152 resonat
1120 2078 1363 2178 clangoribus
1382 2079 1532 2167 aether,

621 2182 706 2273 Qua
724 2184 868 2284 superis
885 2185 922 2258 V
933 2189 955 2257 a
966 2187 1049 2259 rad
1067 2185 1182 2258 thura
1200 2209 1403 2283 precesque
1422 2185 1518 2259 litat.

516 2290 663 2389 Quippe
682 2316 823 2364 novum
843 2291 965 2364 multa
982 2292 1093 2378 toties
1112 2291 1250 2390 pietate
1269 2305 1448 2364 vocatum
1504 2293 1507 2300 ’
1546 2321 1549 2328 ·

620 2396 692 2470 Eni
711 2422 780 2470 sua
798 2410 988 2495 pastorem
1006 2411 1108 2474 tecta
1125 2397 1250 2472 subire
1270 2399 1384 2479 videt.
1400 2489 1405 2500 l

516 2501 641 2593 Quam
660 2500 798 2576 multos
816 2515 854 2578 et
871 2529 987 2599 quam
1005 2505 1139 2579 merito
1159 2505 1220 2578 hic
1240 2529 1308 2578 sua
1327 2506 1433 2578 lucra
1453 2502 1664 2577 irrorantur!

544 2678 548 2683 .
622 2609 789 2685 Candida
806 2635 922 2706 quam
941 2611 1271 2709 multispraesulis
1290 2636 1356 2684 ora
1375 2610 1541 2709 placenti

516 2715 620 2790 Haec
640 2716 731 2807 alios
750 2717 872 2791 virtus
890 2719 1016 2817 capiat
1034 2744 1100 2791 nos
1118 2740 1217 2809 una,
1236 2716 1514 2807 Szaniszlo,

563 2829 567 2844 '
621 2822 726 2914 Quae
744 2824 816 2898 tibi
834 2837 1014 2923 perpetuo
1034 2823 1182 2899 foedere
1200 2825 1329 2898 iuncta
1344 2836 1485 2897 manet.

516 2930 618 3005 Haec
636 2955 760 3005 comes
778 2931 808 3005 it
826 2925 961 3030 puer0‚
977 2931 1100 3006 fidum
1120 2957 1270 3028 quoque
1290 2931 1408 3023 nutrit
1428 2931 1647 3020 alumnum,

579 3129 581 3134 ,
622 3039 712 3112 Fert
730 3051 766 3112 et
785 3038 965 3112 inoffenso
984 3064 1051 3136 per
1069 3042 1182 3112 decus
1201 3060 1312 3113 omne
1330 3040 1464 3137 gradu.

516 3144 640 3217 Huius
658 3144 696 3217 in
716 3145 1142 3241 obsequiiS‚·doctorum
1162 3137 1467 3243 p1·aemia,'lauri

622 3252 810 3325 Emeritae
829 3250 970 3325 circum
990 3264 1161 3350 tempora
1180 3252 1458 3325 vestravirent.

518 3358 626 3434 Hanc
644 3358 802 3436 coluisse
821 3356 895 3431 suit
914 3377 1093 3431 curarum
1112 3359 1234 3455 prima
1253 3383 1321 3457 per
1339 3360 1486 3447 omnes,

624 3463 699 3555 Qui
717 3462 786 3538 tibi
804 3466 1014 3554 fluxem'nt‚
1033 3485 1101 3537 nec
1120 3464 1197 3538 sine
1217 3466 1305 3556 sole,
1324 3464 1414 3537 dies,

520 3572 568 3647 Et
586 3575 700 3646 bene:
719 3571 811 3666 quid
830 3572 911 3645 vita
928 3573 1013 3645 est‘l
1034 3572 1145 3644 tellus
1165 3571 1235 3644 nisi
1255 3569 1422 3645 sentibus
1440 3570 1618 3659 horrere,

625 3676 779 3772 Siquam
797 3679 953 3752 virtutis
972 3677 1200 3778 destituisset
1219 3703 1346 3773 am0r3
1474 3678 1479 3689 '

519 3785 567 3859 Et
584 3810 687 3859 mare
706 3786 929 3860 convulsum
948 3784 1073 3858 ventis
1092 3782 1307 3882 rapidisque
1326 3782 1520 3883 procelliS,

625 3892 708 3966 Pax
729 3892 795 3966 ubi
815 3891 939 3982 nulla,
959 3891 1065 3987 quies
1084 3892 1208 3982 nulla,
1227 3916 1294 3969 nec
1314 3890 1393 3965 ulla
1412 3890 1524 3963 salus

518 3997 591 4073 Ter
607 3997 702 4073 felix
721 3998 848 4073 stabili
865 3996 964 4072 hanc
982 3998 1056 4072 sibi
1069 3998 1141 4097 ¹qui
1160 3997 1318 4071 sociavit
1337 4022 1484 4087 amore,

624 4105 734 4179 Hunc
754 4105 914 4178 similem
934 4106 1078 4194 dicam,
1098 4104 1247 4204 praesul
1266 4115 1408 4194 amate,
1426 4104 1494 4176 tui.

520 4216 600 4288 Hac
619 4214 713 4284 duce
732 4223 837 4285 tanta
855 4223 944 4285 tuae
963 4222 1126 4310 surgunt
1144 4209 1343 4310 praeconia
1362 4208 1505 4300 famae,

557 4348 571 4359 ··
625 4318 805 4393 Publicus
824 4332 861 4392 et
880 4317 1023 4391 meritis
1042 4318 1113 4390 hae
1133 4319 1226 4392 duce
1245 4316 1377 4391 crescit
1395 4317 1524 4389 honos.

520 4428 600 4501 Hac
619 4428 713 4500 duce
732 4424 999 4523 magnanimus
1018 4424 1186 4497 devincis
1205 4426 1301 4497 dura
1319 4424 1513 4514 laborum,

627 4536 728 4606 Ausa
748 4530 847 4605 truci
866 4529 1016 4604 facilem
1037 4528 1158 4604 fronte
1176 4556 1314 4630 negare
1332 4529 1447 4603 viam.

520 4641 602 4714 Hae
621 4641 716 4712 duce
736 4636 920 4736 praesulei
938 4634 1155 4711 conscendis
1173 4639 1323 4712 culmen
1341 4635 1514 4727 honora,

626 4745 756 4820 Latius
777 4756 820 4838 ut
838 4767 961 4817 sacras
980 4744 1051 4817 lux
1070 4754 1135 4821 tua
1154 4756 1308 4843 spargat
1326 4767 1425 4840 opes.
1496 4796 1497 4803 κ

523 4854 609 4927 Iure
627 4851 708 4949 pias
726 4851 827 4925 tollis
844 4850 1080 4955 Varadiuum
1099 4853 1147 4924 ad
1166 4850 1289 4924 sidera
1307 4848 1471 4947 palmaS,

627 4958 677 5034 Te
697 4983 873 5058 superum
892 4958 1002 5059 larga·
1017 4956 1072 5031 sic
1091 4967 1282 5031 recreante
1302 4982 1426 5029 manu.
1479 4948 1481 4955 ’
