4084 6000
1014 652 1090 744 '242

940 783 1152 799 -μ--ιιή

622 887 792 979 Patriae,
809 886 894 987 regi
913 886 997 981 quis
1015 895 1107 977 erat,
1125 879 1210 980 quis
1227 882 1292 958 illo

622 994 819 1070 lunctior‘?
839 993 946 1067 cuius
964 1015 1147 1094 generosa
1163 989 1353 1066 Thracum

622 1104 768 1179 Dextra
785 1095 985 1175 saeuorum
1003 1097 1139 1174 melius
1157 1094 1299 1172 feroces

1048 1204 1226 1280 Contudit
1243 1205 1348 1281 iras‘l

616 1309 781 1408 Horret,
799 1324 845 1389 ut
863 1324 976 1389 vento
995 1311 1129 1388 folium
1148 1323 1344 1406 movente,

624 1422 826 1524 Zrinyium
846 1447 982 1496 nomen
1002 1419 1146 1495 furiosa
1162 1423 1278 1495 turba
1395 1449 1401 1460 ·

623 1531 842 1622 Bistonum,
859 1539 899 1604 et
916 1530 1021 1604 salvo
1040 1528 1114 1602 hoc
1131 1539 1247 1629 negat
1263 1551 1344 1602 esse
1359 1537 1485 1602 tutum

1046 1635 1205 1737 Carpere
1223 1645 1378 1712 nostros.

624 1747 786 1821 Frendet
804 1744 956 1819 ultrices
975 1742 1095 1818 oculis
1113 1753 1159 1817 et·
1170 1768 1233 1819 ore
1375 1746 1377 1750 ’

622 1853 845 1928 Fulminans
863 1851 938 1926 iras
957 1850 1218 1942 Solimo-nnus,
1236 1861 1274 1926 et
1291 1875 1329 1926 se
1389 1870 1392 1877 ’

621 1959 822 2036 Vindicem
842 1959 919 2034 cari
937 1957 1161 2034 Mehemetis
1180 1983 1344 2054 aequum

1044 2065 1151 2139 Iurat
1168 2068 1307 2141 adesse.

624 2171 722 2248 Num
740 2173 868 2247 tremit
887 2171 1041 2274 Zrinyi,
1060 2173 1310 2271 precibusque
1331 2173 1494 2274 supplex

622 2283 758 2356 Pectus
777 2280 865 2355 irati
882 2279 1018 2354 furiale
1037 2280 1184 2355 flectit?

621 2381 730 2462 Dona
747 2389 809 2462 vel
829 2388 976 2462 mittit?
996 2385 1166 2486 pretiove
1184 2398 1293 2462 curat

1046 2493 1181 2569 Salvus
1200 2495 1336 2569 abire?

621 2602 849 2702 Hungarum
869 2601 1044 2698 quisquis
1061 2612 1172 2700 putat
1189 2602 1262 2676 ista
1278 2627 1404 2700 posse,

621 2709 800 2784 Fallitur:
825 2707 957 2807 plenus
976 2707 1117 2807 pietate
1135 2732 1283 2809 semper

621 2813 696 2906 Qui
715 2818 809 2891 solet
827 2816 928 2917 regi,
946 2816 1166 2915 patriaeque
1183 2818 1325 2909 vitam,

1046 2923 1184 3024 Sponte
1201 2924 1320 3000 litare.

621 3031 757 3124 Cerne,
776 3031 860 3127 quis
880 3031 1101 3133 Zrinyium,
1124 3052 1192 3106 sua
1211 3036 1302 3107 dum
1321 3031 1500 3133 Szigetho

619 3139 768 3215 Fraude
787 3138 951 3214 Vulcani
969 3150 1149 3239 properat
1167 3139 1297 3234 ruina,

619 3245 790 3321 Concitet
810 3245 966 3322 fervor?
978 3248 1094 3323 ‘velut
1113 3250 1205 3323 orba
1222 3249 1323 3323 natis

1043 3356 1200 3430 Pectore
1218 3356 1328 3430 laena

619 3459 763 3560 Irrugit
780 3470 878 3534 toto:
892 3484 1098 3562 generose,
1117 3462 1274 3556 clamat,

620 3567 782 3668 Sanguis
800 3567 1046 3642 Hunnorum!
1070 3570 1208 3670 rigidis
1226 3570 1437 3647 revinctum

618 3675 669 3750 Te
689 3675 815 3749 trahet
833 3675 937 3749 dirus
957 3674 1124 3751 Soliman'
1143 3678 1300 3773 catenis,

1040 3785 1117 3859 Aut
1135 3785 1373 3862 moriendum
1394 3798 1460 3863 est.

617 3888 718 3964 Mors
737 3888 847 3964 iuvat
864 3890 947 3965 vita
964 3892 1088 3991 magis
1106 3892 1312 3967 indecora?

616 3996 686 4071 Eia
704 4022 937 4097 pugnemus:
957 4000 1166 4073 moriamur
1184 4024 1312 4075 omnes

617 4103 799 4195 Fortiter,
827 4105 910 4205 regi
928 4111 966 4179 et
984 4106 1130 4205 patriae
1146 4106 1277 4182 fideles

1040 4213 1221 4313 Tempore
1241 4216 1387 4311 quovis.

617 4318 863 4395 Confremunt
883 4318 1006 4411 cunti:
1027 4320 1258 4411 „Moriamur
1276 4318 1447 4398 omnes'l“

617 4426 745 4502 Irrunt
762 4424 883 4519 hosti,
902 4427 1086 4527 gemitus,
1105 4422 1286 4525 furorque

618 4529 793 4630 Undique
815 4546 853 4608 et
870 4534 989 4610 letum
1008 4536 1133 4611 volat:
1153 4549 1194 4612 et
1207 4541 1435 4614 recumbunt

560 4638 564 4645 ’
1028 4639 1202 4720 =Fortiter
1222 4670 1361 4739 omnes.

902 4970 1166 4986 Q...-
