4084 6000
1041 653 1114 726 192

441 864 681 956 Destituant,
699 865 802 964 leges
820 863 1009 964 migrant,
1028 875 1248 962 rectumque
1266 865 1455 964 piumque:
1553 930 1557 936 .

440 973 655 1057 Succedunt
673 972 813 1063 scelus,
831 983 868 1044 et
888 969 1013 1064 fraus,
1030 983 1069 1045 et
1087 971 1269 1047 violentia
1285 973 1429 1050 Martis.

439 1077 587 1178 Oppida
606 1079 708 1155 culta'
727 1077 836 1153 ferox
854 1079 1049 1154 Vulcanus
1068 1082 1245 1172 devorat,
1264 1081 1397 1180 iugens

439 1186 627 1260 Incumbit
646 1187 771 1288 regnis
790 1196 956 1287 strages,
974 1186 1206 1281 tetricusque
1225 1213 1459 1285 peromnem

439 1294 640 1369 Grassatur
658 1292 993 1392 furorEuropam3
1013 1318 1081 1369 nec
1099 1295 1262 1394 templa,
1277 1320 1345 1370 nec
1364 1321 1447 1373 aras

438 1400 527 1475 Ulla
544 1402 643 1500 potis
662 1399 777 1475 fuerit
795 1402 1005 1476 reverentia
1022 1401 1092 1475 rite
1110 1402 1230 1499 tueri3

441 1508 526 1582 Sors
544 1509 757 1582 miseranda
774 1508 884 1584 malis
902 1511 940 1582 et
957 1509 1112 1584 Croesos
1130 1507 1277 1602 haurit,
1296 1521 1334 1584 et
1350 1511 1449 1585 Irosl

543 1616 648 1690 Haec
666 1614 781 1689 facies
799 1641 927 1693 rerum
943 1617 1125 1692 mortales
1141 1627 1278 1708 vexat,
1297 1628 1334 1692 et
1352 1621 1451 1693 unde

439 1721 637 1798 Auxilium
658 1721 804 1798 miseris
821 1723 967 1816 veniat,
987 1747 1063 1819 quo
1083 1722 1346 1798 numinefulti

439 1829 662 1905 Extremum
680 1824 832 1905 ualeant
850 1855 979 1906 casum
998 1842 1251 1930 praevertere,
1271 1844 1467 1927 quaerunt.

438 1938 657 2031 Barbaries,
677 1939 804 2012 oculos
824 1963 898 2033 quo
916 1949 1075 2038 vertant
1085 1961 1254 2034 cunque,
1272 1939 1426 2013 subibat
1453 1954 1457 1969 '

438 2044 620 2119 Horrida:
641 2071 716 2119 non
735 2045 936 2141 quisquam
954 2046 1075 2121 doctis
1092 2047 1299 2136 redolentia
1316 2046 1433 2121 musis

440 2153 548 2227 Serta
566 2165 693 2253 parat,
713 2153 831 2240 iustos
849 2154 995 2228 Phoebi
1013 2162 1088 2227 non
1108 2154 1210 2227 ullus
1227 2153 1389 2228 honores

440 2260 566 2353 Curat,
586 2270 624 2333 et
643 2260 792 2334 obscuri
809 2260 982 2355 dissolvit
999 2261 1133 2336 nubila
1151 2259 1273 2335 saecli.

439 2367 533 2442 Cum
553 2366 677 2442 subito
697 2368 861 2442 ausoniis
880 2392 1080 2468 assurgens
1098 2367 1259 2460 finibus,
1278 2369 1426 2466 amplus
1477 2364 1480 2368 ⁴

439 2474 636 2571 Undique,
656 2500 723 2548 nec
743 2475 875 2549 solitus
894 2500 932 2550 se
952 2473 1081 2576 fulgor
1097 2477 1245 2567 vibrat,
1264 2479 1312 2549 ab
1332 2475 1419 2548 imis
1519 2528 1522 2533 <

438 2583 639 2657 Terrarum
658 2593 783 2675 satus,
801 2595 838 2657 et
856 2593 968 2682 caput
986 2583 1086 2658 inter
1103 2583 1226 2657 sidera
1244 2582 1415 2656 miscens.

437 2689 599 2764 Attoniti
617 2701 786 2789 spectant
803 2691 954 2790 populi,
973 2715 1231 2791 praesagaque
1250 2691 1391 2766 multos
1466 2745 1470 2752 .

437 2798 543 2871 Mens
562 2798 688 2889 subit,
707 2807 745 2871 et
764 2798 853 2872 laeti
871 2810 1027 2874 narrant
1038 2811 1223 2872 ventura:
1243 2797 1401 2890 „Futuri

438 2905 652 3006 TemporiS,
672 2905 842 2997 aiebant,
861 2906 994 2985 melior
1011 2904 1164 2980 fortuna
1182 2904 1300 2979 cubili

439 3013 534 3092 Solis
553 3015 601 3086 ab
619 3013 792 3111 hesperia
810 3014 952 3106 veniet,
971 3038 1200 3109 romanaque
1218 3014 1302 3086 late

437 3120 559 3195 Multa
578 3146 645 3219 per
662 3119 853 3219 Europam
870 3122 940 3195 lux
959 3148 998 3196 se
1016 3120 1224 3196 diffundet:
1244 3120 1404 3193 honores

438 3225 520 3301 Hac
539 3227 689 3326 pulchri
707 3229 802 3303 duce
821 3231 1040 3320 succedent,
1059 3240 1231 3323 artesque
1248 3227 1432 3319 iacentes,

439 3334 508 3409 Oui
527 3334 634 3407 furor
650 3335 833 3429 involvit,
853 3336 975 3434 posito
994 3334 1204 3431 squallore,
1222 3339 1455 3433 resurgent.“

543 3440 671 3515 Verba
687 3441 781 3515 fides
799 3445 944 3540 probat.
963 3443 1145 3518 Ardentes
1165 3442 1207 3516 in
1222 3442 1352 3516 sedula
1370 3442 1539 3543 migrant

437 3548 590 3648 Pulpita
608 3549 754 3623 romani
771 3548 945 3644 iuveneS,
962 3550 1151 3650 primique
1169 3548 1309 3624 laboris
1444 3579 1447 3585 ¹
1567 3637 1569 3644 Ι

405 3672 410 3683 ’
439 3657 619 3732 Successu
637 3656 727 3730 laeti
745 3668 933 3755 perstant,
951 3657 1187 3757 pulchroque
1206 3666 1395 3759 morantes

438 3764 623 3863 Exemplo
641 3766 868 3857 accendunt,
887 3775 1001 3861 atque
1020 3765 1172 3838 aemula
1187 3774 1337 3863 pectora
1355 3766 1508 3838 ducunt.
1631 3770 1636 3777 '

439 3872 514 3945 Nec
533 3870 624 3946 satis
644 3872 840 3947 ausoniam
859 3871 934 3947 fuit
952 3871 1011 3946 his
1030 3871 1157 3946 excire
1177 3871 1372 3976 iuventam
1422 3907 1428 3913 ·
1676 3954 1679 3957 .

438 3980 555 4054 Fama
573 3981 678 4053 volat
696 3979 862 4054 Tiberim
880 4005 1081 4079 superans,
1099 3978 1358 4073 Athesimque,
1376 3978 1620 4071 Padumque,

438 4088 634 4187 Lapsaque
653 4100 755 4161 trans
774 4088 907 4185 Alpes,
925 4088 1257 4188 Riphaeorumque
1276 4109 1476 4177 cacumen,

438 4195 561 4290 Atque
581 4192 720 4267 fretum
738 4194 863 4268 medio
882 4197 983 4290 quod
1002 4193 1141 4267 dividit
1158 4218 1267 4268 amne
1286 4192 1506 4289 Britann0s5
1547 4224 1550 4229 ·

439 4300 488 4376 Et
507 4325 831 4397 quaquaversum
850 4302 973 4392 nisus,
992 4302 1180 4395 la‘tiosque
1197 4300 1344 4374 labores

439 4410 638 4501 Personat,
658 4419 770 4504 atque
790 4406 890 4483 faces
909 4404 1043 4483 animis
1061 4405 1415 4482 melioribusaddit.

439 4516 618 4591 Protinus
637 4514 785 4615 ingenti
802 4525 1025 4590 tumuerunt
1043 4524 1196 4613 pectora
1213 4525 1358 4606 motu,

439 4624 606 4719 Moxque
625 4648 733 4722 pares
751 4621 882 4721 primis
901 4625 1132 4697 contendunt
1148 4622 1203 4696 ire
1221 4647 1288 4721 per
1305 4646 1434 4697 omnes
1532 4720 1536 4726 θ

438 4732 634 4805 Musarum
653 4755 804 4830 campos
824 4741 938 4826 atque
957 4733 1076 4805 ardua
1092 4729 1259 4804 culmina
1277 4728 1390 4804 Pindi

440 4837 600 4939 Egregii
617 4837 792 4930 iuvenes,
812 4838 1021 4912 saeclorum
1041 4836 1149 4910 fama·
1161 4862 1335 4911 suorum:
1396 4879 1399 4886 ·

440 4945 536 5021 Cum
554 4944 681 5021 Tiberi
699 4955 819 5019 certat
837 4942 1005 5043 Ligeris,
1024 4943 1264 5039 Tamesisque
1281 4942 1409 5042 rapaci

440 5052 535 5129 Cum
553 5052 706 5142 Rheno,
725 5054 929 5148 doctasque
946 5065 1100 5147 movent
1117 5075 1295 5151 persaepe
1314 5049 1510 5149 procellas.
