4084 6000
967 680 1016 754 99

415 892 474 970 Sic
492 893 564 968 tibi
582 915 757 971 cumaeae
774 904 956 968 excurrat
972 893 1055 967 vita
1072 917 1140 992 pcr
1158 917 1296 984 aunoS,

519 1000 579 1077 Sic
598 999 692 1075 velia
710 997 865 1076 faveant
879 1000 1003 1074 sidera
1020 1013 1156 1076 cuncta
1173 1001 1260 1076 tuis.

413 1107 474 1183 Sic
493 1107 764 1183 cala-sanctinus
781 1105 900 1182 fastos
916 1108 1126 1185 virtutibus
1144 1108 1325 1208 implens,

517 1216 566 1292 Et
582 1216 716 1291 divum
734 1226 849 1312 atque
867 1215 1066 1293 hominum
1084 1217 1203 1318 digna
1221 1214 1353 1292 favore
1370 1238 1492 1317 geras.

889 1511 1100 1522 -υ--ι--ι-ι

832 1752 1035 1857 Elegia
1062 1753 1158 1839 ΧΙ.
1286 1753 1290 1760 ’

364 1936 417 2006 Ad
439 1923 670 2008 Maeandrum
689 1947 841 2018 ΚΟΡΡΥ,
857 1938 1091 2028 philosophiae
1108 1946 1142 2010 et
1159 1939 1344 2010 medianae
1363 1939 1533 2026 doctorem
1557 1941 1634 2011 ool-

361 2062 518 2151 thiolum
535 2064 765 2134 curarimus
780 2063 1057 2149 vindobonensis,
1078 2065 1156 2134 door
1174 2079 1262 2134 uror
1280 2064 1371 2149 cius,
1397 2064 1635 2154 1111111111ὴὲ-

492 2187 667 2277 lorcpltt'oc
686 2189 889 2261 modulor
906 2191 1023 2261 codem
1040 2189 1164 2276 facere
1183 2189 1386 2276 efferrentur
1410 2191 1529 2262 1834.Ι
1550 2222 1557 2248 e

416 2361 539 2477 dmbo
557 2400 681 2476 iacent
698 2403 815 2502 (proh
832 2401 950 2494 fatal)
969 2427 1070 2479 uxor
1088 2401 1197 2494 hinc,
1216 2401 1320 2476 filius
1339 2402 1465 2495 illino,
1485 2435 1487 2440 ·

520 2507 700 2584 Eiusdem
718 2510 882 2610 spolium
898 2502 1100 2610 temporiS,
1119 2512 1232 2584 ambo
1251 2509 1383 2585 iacent.

418 2615 496 2691 Ah!
515 2617 584 2692 ubi
601 2627 689 2691 sunt
706 2617 905 2710 lacrimae,
922 2619 1110 2718 gemituS,
1128 2617 1316 2710 lamenta,
1334 2618 1516 2694 dolores?

523 2723 601 2798 Ah!
620 2724 689 2800 ubi
706 2727 844 2818 verba,
862 2725 1001 2821 quibus
1019 2736 1163 2799 maesta
1181 2723 1317 2799 Thalia
1335 2727 1474 2798 vaoet'l

416 2831 626 2907 Dimidium
644 2830 745 2906 vitae
763 2842 877 2929 atque
896 2833 1045 2908 animae
1063 2833 1137 2906 cito
1155 2833 1310 2930 perdere
1328 2840 1514 2928 quantum
1527 2835 1605 2908 esti

522 2939 605 3015 Hoc
622 2939 760 3037 aliquis
777 2940 912 3017 merito
931 2939 1075 3016 dixerit
1092 2964 1203 3017 omne
1221 2939 1377 3016 malum.
1441 2968 1443 2977 ·

418 3048 467 3123 Ar
484 3056 616 3122 natum
632 3048 794 3146 pariter,
814 3049 879 3123 sed
896 3060 1066 3149 tempore
1083 3050 1240 3147 perdere
1258 3050 1411 3139 eodem,
1469 3079 1471 3090 ·

522 3154 666 3248 Dicite,
684 3181 776 3231 num
793 3158 934 3231 vulnus
951 3156 1134 3257 grandius
1152 3179 1232 3231 esse
1252 3158 1394 3251 queat‘?

419 3262 561 3338 Forsan
579 3262 673 3357 erit,
692 3288 806 3359 quem
825 3289 899 3340 non
917 3265 1010 3339 adeo
1030 3288 1110 3339 sors
1128 3262 1211 3337 dira
1228 3263 1417 3355 movebit,

524 3368 599 3461 Qui
618 3366 726 3445 siccis
743 3370 873 3446 videat
891 3369 1026 3446 funera
1043 3371 1134 3446 bina
1152 3371 1290 3471 genis?

420 3475 554 3552 Nullus
572 3476 664 3552 erit:
684 3502 752 3553 nec
770 3478 874 3553 enim·
889 3505 964 3555 non
982 3478 1101 3554 cernit
1119 3488 1289 3578 tempora
1305 3479 1429 3571 vitae,

524 3582 704 3682 Quaeque
721 3587 788 3659 dat
805 3586 919 3680 haec,
936 3585 1015 3662 labi
1033 3611 1136 3661 more
1155 3585 1305 3660 fluentis
1324 3611 1455 3683 aquae.

421 3693 503 3791 lpse
521 3693 674 3788 quidem
691 3704 845 3768 cunctos
863 3692 1006 3795 affligis
1025 3718 1132 3769 cesus
1155 3696 1307 3787 acerbe,

525 3802 649 3897 Atque
668 3801 795 3875 oculos
812 3800 978 3876 lacrimis
997 3824 1167 3897 quosque
1186 3803 1335 3877 madere
1354 3802 1481 3877 iubes:

423 3905 495 3982 Sed
512 3917 637 3983 tamen
656 3908 750 3983 heu!
769 3908 911 4007 duplici
931 3934 1043 4005 quem
1062 3909 1179 3983 laedis
1199 3908 1356 3982 vulnere
1375 3911 1518 4001 maiar,
1558 3964 1561 3971 .

527 4014 651 4107 Quam
669 4014 765 4091 ferat
782 4016 854 4091 hoc
872 4017 1020 4091 animus
1040 4015 1249 4112 quamlibet
1267 4015 1388 4107 altus,
1408 4016 1533 4090 habet.

423 4120 570 4197 Clamat
587 4148 737 4199 amans:
757 4123 897 4199 coniux
915 4150 992 4220 quo
1010 4149 1071 4198 me
1090 4146 1244 4221 percara
1262 4123 1474 4218 relinquis?

528 4230 605 4306 Cur
622 4256 802 4332 properas
818 4257 949 4307 carum
967 4232 1157 4327 linquere,
1175 4241 1282 4322 nate,
1300 4232 1476 4329 patrem?

424 4333 711 4434 Necquidquam
729 4339 886 4415 clamat!
905 4364 984 4414 vox
1002 4365 1078 4414 non
1096 4337 1251 4413 auditur
1269 4338 1471 4433 utrinque,

528 4446 757 4542 Fractaque,
775 4447 868 4543 quin
886 4446 1043 4538 clamet,
1062 4444 1278 4546 comprimit
1295 4468 1362 4519 ora
1378 4447 1495 4521 dolor.

425 4550 494 4626 Eia
512 4553 639 4646 dolor,
656 4552 735 4628 sine
752 4565 831 4627 tam
849 4554 967 4629 iustas
984 4555 1121 4629 iterare
1139 4554 1332 4649 querelas,
1353 4584 1356 4591 ·

529 4661 646 4754 Cede,
663 4664 785 4736 fluant
800 4661 978 4735 lacrimae
996 4662 1191 4763 coniugia,
1209 4671 1321 4755 atque
1340 4660 1469 4757 patria.

426 4765 494 4841 His
511 4768 680 4863 animur,
697 4794 810 4866 quem
828 4768 934 4844 nulla
950 4769 1059 4843 iuvat
1075 4767 1279 4859 medicina,
1297 4767 1465 4841 levatur:

534 4875 685 4953 Scilicet
701 4874 844 4951 afflicto
860 4886 1030 4976 tempore
1046 4875 1156 4950 dulce
1175 4874 1283 4971 queri
1302 4885 1368 4949 est.
1453 4910 1455 4919 ·

429 4981 551 5080 Atque
568 4983 637 5058 ubi
654 4980 871 5059 defunctum
891 4994 947 5058 est
963 4982 1024 5056 his
1040 4994 1191 5083 pectus,
1210 4981 1367 5058 forsitan
1384 4979 1501 5075 illud,

533 5089 675 5190 Aspera
692 5115 767 5186 quo
785 5100 917 5167 coeant
933 5091 1114 5182 vulnera,
1131 5101 1279 5187 tempus
1295 5089 1422 5268 ml*
