4084 6000
781 1255 893 1339 ude
921 1253 1158 1340 xxxll.

866 1475 971 1579 Homo
988 1474 1087 1561 felir.

548 1674 632 1792 Non
650 1717 745 1794 mihi
765 1717 860 1795 felix
879 1719 994 1796 fuerit
1012 1721 1204 1794 vocandus

547 1827 715 1902 Aureum
733 1829 840 1903 cuius
859 1828 1032 1904 diademo
1049 1827 1170 1928 cingit

546 1932 756 2028 Vertieem,
777 1947 814 2010 et
831 1936 927 2011 latos
945 1931 1333 2034 humeros-refulgens

970 2043 1145 2143 Purpura
1162 2041 1285 2117 vestit.

552 2148 633 2223 Non
651 2175 757 2251 seges
776 2151 877 2226 canis
895 2150 1065 2227 titubans
1084 2150 1227 2243 aristis

550 2255 634 2332 Non
652 2284 790 2360 greges
809 2270 980 2351 eentum,
998 2258 1227 2354 latitansque
1245 2256 1364 2332 caecis

549 2365 710 2466 Augulis
728 2391 880 2466 aurum3
905 2380 942 2442 et
959 2366 1124 2466 spatiosa
1141 2365 1294 2467 pinguis

969 2475 1107 2574 Iugera
1125 2473 1266 2574 campi:

548 2579 697 2655 Grande
716 2607 791 2656 non
808 2583 896 2675 teli,
915 2581 1117 2684 clypeique
1135 2584 1302 2680 pondus,

547 2686 691 2763 Nobilis
710 2715 784 2764 non
803 2701 840 2766 te
859 2691 1007 2791 generis
1026 2713 1219 2790 propago,
1238 2699 1276 2763 et

546 2793 650 2870 Aura
667 2795 816 2872 felicem
834 2797 1048 2897 popularis,
1064 2808 1104 2872 et
1119 2821 1188 2872 neo

968 2904 1098 2981 Gratia
1115 2903 1236 3005 finget
1280 2907 1283 2912 ’

545 3011 781 3113 Principum,
800 3014 904 3089 haud
920 3013 1050 3112 dispar
1066 3012 1213 3088 volucri
1230 3011 1411 3112 sagittae,

544 3118 670 3214 Quae,
690 3121 803 3196 simul
821 3145 952 3197 rumor
968 3120 1285 3212 tonuitsiuister,

543 3229 702 3303 Aemulo
720 3229 862 3329 passim
879 3228 1098 3330 publicatus
1115 3252 1200 3320 ore,

967 3334 1051 3410 Non
1069 3333 1167 3409 redit
1186 3358 1365 3430 unquam.

543 3440 646 3532 Quid
662 3442 771 3518 iuvat
789 3444 1010 3543 sceptrum?
1030 3441 1133 3517 soliis
1151 3438 1287 3519 acutae

542 3548 725 3626 Adsideut
743 3576 874 3626 curae:
894 3549 1014 3625 metui
1032 3560 1160 3626 coacto

543 3656 685 3733 Odium
704 3668 828 3733 semet
839 3658 983 3735 socians
1002 3657 1142 3733 amoris

892 3829 895 3833 .
964 3764 1129 3840 Vincula
1146 3764 1298 3864 rumpit.

541 3872 722 3949 Gensibus
741 3898 872 3949 census
891 3873 1093 3948 cumulas?
1113 3872 1229 3947 iidem

538 3981 754 4058 Provoeant
772 3991 918 4057 aestum
939 3979 1020 4055 sitis
1040 3980 1215 4072 acrioris,

540 4086 684 4182 Quam,
702 4087 793 4164 licet
811 4098 914 4164 totus
932 4090 1048 4180 fluat,
1060 4080 1171 4162 ‘haud
1189 4084 1342 4189 fugabit

964 4195 1149 4297 Chrysius
1168 4220 1272 4270 auro.

539 4300 636 4396 Nee,
654 4303 744 4377 licet
763 4303 906 4377 circum
924 4304 1123 4402 strepitent
1140 4302 1370 4404 phalangeS‚

539 4411 659 4485 Tutus
678 4419 716 4484 et
734 4407 829 4484 felix
849 4408 985 4508 fueris3
1001 4410 1169 4525 minaces

540 4517 579 4593 Si
598 4515 703 4591 fovet
719 4528 852 4618 peetus
869 4516 1028 4592 tacitum
1047 4521 1118 4594 sub
1136 4517 1221 4592 imis

961 4626 1128 4701 Aedibus
1147 4626 1284 4703 hostes

537 4732 651 4826 Mori,
670 4732 737 4807 ubi
757 4730 881 4807 frenos
899 4731 1005 4807 vitiis
1023 4735 1193 4827 relaan,

537 4839 709 4943 Degener
726 4836 897 4939 pulchris
917 4842 1061 4916 meritis
1080 4868 1258 4936 avorum,

536 4947 724 5053 Prodigus
743 4946 865 5023 famae
884 4949 1011 5024 venies
1031 4951 1070 5024 in
1088 4956 1174 5043 ora,

956 5057 1089 5133 (lassus
1107 5057 1258 5132 honore.
