4084 6000
1038 643 1086 718 98

479 857 639 932 Horreat
657 855 827 932 instabili
845 856 1079 931 committere
1097 857 1253 932 carbasa
1270 867 1405 956 ponto,

585 964 648 1038 Nil
667 965 844 1040 dubitans
862 963 970 1038 iustis
989 967 1102 1039 rebus
1121 966 1249 1039 adesse
1268 967 1384 1064 polos.

480 1074 579 1149 Talis
599 1074 704 1146 adest
721 1072 830 1145 vobis
848 1082 1054 1148 1010010100
1070 1072 1165 1150 (110
1176 1097 1296 1148 sser:
1317 1072 1356 1146 in
1374 1072 1440 1145 illo

584 1178 708 1271 Quam
726 1183 819 1255 bene
838 1179 966 1253 iuncta
982 1189 1134 1279 patrum
1153 1180 1301 1254 nomine
1319 1190 1409 1282 vota
1427 1179 1579 1254 sonant!

478 1286 602 1379 Quam
618 1286 731 1388 vigili
747 1289 914 1360 curanda
932 1288 1034 1361 salus
1053 1287 1290 1362 concreditur
1307 1285 1429 1388 Argo!

583 1393 707 1486 Quam
726 1393 854 1495 Tiphy
873 1419 1000 1494 gravo
1018 1405 1146 1470 nostra
1163 1397 1330 1496 regenda
1347 1395 1456 1469 ratis!

477 1501 655 1577 Vidimus
674 1501 775 1576 hunc
793 1503 930 1601 grandi
950 1527 1127 1578 curarum
1146 1504 1244 1577 mole
1262 1512 1485 1603 gravatum:

585 1607 678 1700 Quis
697 1620 845 1683 tantum
863 1609 988 1709 potior
1005 1609 1244 1684 sustinuisset
1263 1612 1387 1684 onus?

479 1716 647 1809 Scilicet,
666 1715 842 1816 imposito
861 1727 904 1792 ut
920 1718 1068 1816 palmae
1089 1720 1159 1794 sub
1179 1718 1362 1816 pondere,
1380 1716 1419 1791 in
1439 1717 1581 1808 altum,

582 1826 785 1899 Immemor
803 1824 1020 1920 usquesui,
1039 1823 1172 1898 1011101
1190 1835 1304 1925 urget
1321 1825 1402 1899 iter.

478 1932 553 2008 Nec
572 1933 662 2008 satis
681 1932 760 2031 ipse
778 1957 865 2007 suas
884 1934 1011 2006 audax
1030 1932 1223 2006 intendere
1241 1933 1363 2029 vires3

582 2041 768 2114 Provocat
786 2040 960 2137 exemplo
978 2050 1131 2137 pectora
1149 2039 1417 2136 quaequesuo.

477 2148 536 2223 Sic
555 2147 677 2247 praeit
695 2147 873 2247 expansis
889 2147 1014 2246 pullos
1033 2147 1140 2221 lovis·
1152 2149 1318 2248 armiger
1337 2147 1429 2239 alis,

581 2254 759 2351 Quasque
779 2251 1085 2353 iacesspectcnt,
1104 2254 1286 2353 conspicit
1304 2253 1381 2354 ipse
1400 2252 1511 2354 prior.

481 2363 629 2438 Emicat
646 2374 733 2437 01110
751 2372 875 2436 truces
894 2362 946 2436 010
964 2363 1110 2460 primus
1129 2362 1261 2436 Martis
1281 2362 1472 2452 alumnos,

585 2471 739 2566 Siquem
757 2469 924 2545 ductoris
944 2471 1103 2564 lausque
1122 2471 1311 2564 decusque
1329 2481 1467 2544 manet.

479 2579 598 2653 Testis
618 2579 690 2653 eris
710 2580 855 2652 clarum
875 2576 1147 2677 Stegedinum,
1166 2577 1274 2650 testis
1294 2557 1473 2668 010101,
1578 2613 1581 2625 ·

582 2685 757 2781 Urbsque
775 2685 847 2784 piis
865 2686 1020 2760 Pestum
1040 2709 1185 2782 semper
1204 2683 1323 2757 amica
1340 2683 1488 2758 scholis.

362 2873 365 2876 ,
477 2793 588 2866 Hunc
608 2792 744 2888 aliquis
764 2818 918 2867 cernens
936 2792 975 2864 in
994 2790 1150 2889 quaevis
1170 2793 1289 2865 ardua
1307 2801 1458 2866 natum:
1524 2859 1529 2866 .
1586 2834 1588 2844 ·

582 2901 674 2993 Η10,
692 2899 814 3000 primo
833 2925 983 2998 praeses
1002 2915 1172 3000 tempore
1190 2897 1274 2989 fiet,
1293 2898 1356 2971 ait.
1452 2939 1455 2951 ·

477 3012 549 3084 Iste
568 3009 645 3083 suis
663 3012 853 3103 quondam
868 3008 1042 3083 saturnia
1060 3007 1181 3082 lustra
1199 3008 1371 3098 reducet,
1427 3046 1430 3053 ν
1507 3059 1509 3070 .

580 3117 746 3216 Legibus
765 3115 834 3190 1010
853 3140 941 3189 snos
958 3114 1179 3209 iustitiaque
1198 3126 1314 3213 reget.

476 3224 650 3321 Amplius
670 3223 850 3298 increscet
868 3234 1020 3321 patrum
1038 3224 1137 3296 bona
1156 3219 1257 3296 101110
1276 3222 1441 3321 piorum
1540 3268 1542 3276 ι

582 3332 664 3406 Ηο0
683 3334 798 3423 duce,
817 3356 892 3403 non
911 3330 991 3403 ullo
1002 3327 1260 3429 praeteritura
1279 3328 1349 3403 die.
1429 3387 1432 3396 .

477 3440 574 3513 Num
595 3463 694 3512 vana
714 3438 793 3513 hoc‘
803 3437 860 3511 illi
879 3437 1070 3535 praedixit
1088 3439 1137 3513 ab
1154 3435 1239 3511 ilice
1257 3434 1420 3510 cornix?

582 3546 630 3620 Et
649 3572 743 3638 non,
763 3570 865 3642 quae
877 3544 1000 3619 virtus
1017 3544 1305 3644 pectoremulta
1323 3553 1389 3617 1110
1409 3544 1505 3617 esst:
1524 3580 1527 3585 ·

478 3655 549 3729 Illa
568 3679 704 3755 regens
723 3654 868 3728 animos
887 3677 992 3725 10100
1011 3650 1191 3726 secundia
1209 3651 1384 3751 linguae,

579 3759 904 3838 Nominis'eximii
922 3758 1071 3859 gloria,
1091 3757 1226 3835 frontis
1244 3758 1383 3835 honos:

477 3869 544 3943 Ille
564 3872 675 3943 ardor
692 3869 836 3967 patriae
855 3868 1070 3941 communia
1087 3876 1176 3941 vote
1194 3864 1366 3957 fovendi,

584 3976 740 4051 Artibus
760 3974 934 4075 ingenuis
953 3974 1017 4049 ille
1037 3985 1203 4049 sacratus
1222 3998 1347 4047 amor:

479 4082 611 4173 Quid?
631 4084 704 4159 nisi
721 4093 874 4157 100010
892 4082 1045 4183 signant
1063 4108 1136 4181 pre.
1149 4080 1339 4181 praeside,
1358 4078 1584 4172 Grosser,

584 4190 615 4265 Ο
633 4192 727 4282 lun,
747 4218 768 4264 0
786 4190 957 4290 patribus
973 4190 1095 4289 prima
1113 4190 1301 4263 columma
1320 4186 1410 4285 piis!

475 4301 629 4395 Iamque
646 4310 735 4372 11100
750 4300 880 4372 laudes
899 4299 1029 4372 Budae
1047 4296 1141 4397 iuga
1159 4297 1257 4371 celsa
1275 4294 1477 4385 resultant,
1581 4342 1583 4351 ι

580 4405 629 4482 Et
647 4406 719 4480 sibi
738 4408 783 4479 de
802 4406 1118 4491 curiscommoda
1135 4413 1224 4476 nata
1240 4402 1327 4476 tuis.
1452 4417 1458 4425 '

476 4515 700 4606 Commoda,
719 4538 815 4611 quae
838 4513 912 4589 seri
928 4513 1175 4600 celebrabunt
1193 4534 1301 4609 saepe
1323 4516 1496 4608 nepotes,

582 4623 707 4697 Aurea
724 4624 898 4697 tollentes
917 4645 1049 4696 nomen
1069 4621 1117 4693 ad
1135 4627 1235 4693 astra
1251 4629 1372 4692 tuum.
1432 4660 1435 4673 ·
1519 4634 1524 4641 ’

476 4731 623 4805 Interea
640 4740 768 4830 pater,
788 4742 826 4804 et
844 4752 993 4829 praeses
1010 4737 1190 4803 teramate
1208 4725 1336 4801 vocari
1365 4782 1368 4791 2

580 4840 760 4931 Asuesoe,
780 4850 818 4912 et
837 4848 987 4911 nostrae
1005 4860 1120 4936 perge
1135 4833 1261 4909 101010
1281 4832 1371 4931 spei.
1471 4880 1483 4903 .

475 4945 523 5021 Et
542 4943 675 5020 10010οε
697 4948 880 5045 spondent
898 4969 962 5017 cor
981 4944 1127 5035 nobile,
1145 4940 1290 5015 firmior
1307 4950 1411 5015 00100
1421 4996 1436 5030 ,.

581 5055 630 5131 Et
647 5053 814 5129 studium
832 5051 979 5153 patriae
996 5069 1176 5144 mensque
1194 5047 1358 5147 benigna
1376 5046 1474 5123 tuis.¹
