4084 6000
684 1137 766 1220 loto
784 1155 827 1219 ex
847 1131 1026 1219 honoribus
1046 1153 1127 1218 suae
1146 1130 1347 1218 Eulrcrtinc

397 1315 432 1388 S.
450 1319 490 1389 Il.
512 1318 689 1394 Ecclesiae
707 1326 902 1397 Cardlnalts
920 1325 1116 1418 Presbyteri
1135 1324 1272 1394 locatis
1289 1323 1549 1392 souTovsqu,
1563 1315 1624 1382 etc.

483 1526 515 1604 Ο
533 1528 650 1626 mihi,
669 1533 702 1608 si
720 1532 850 1610 faciles
869 1535 1026 1611 veniant
1044 1537 1092 1610 ad
1110 1534 1226 1610 lintea
1244 1532 1367 1626 venti,
1391 1553 1394 1558 ·

586 1659 637 1734 Et
653 1661 764 1738 liceat
781 1663 931 1742 modica
948 1688 1114 1742 marmor
1134 1687 1241 1740 arare
1259 1660 1418 1761 scapha!
1496 1675 1500 1684 '

480 1837 611 1914 Dicere
629 1843 809 1940 gestirem
827 1844 1054 1943 praecelsos„
1074 1843 1245 1943 praesul,
1263 1843 1444 1932 honores,

586 1965 661 2068 Qui
678 1969 823 2044 meritis
841 1973 1010 2072 gaudent
1028 1995 1066 2048 se
1086 1970 1226 2046 sociare
1243 1969 1328 2046 tuis.

479 2144 579 2219 Pene
596 2145 672 2220 fide
691 2149 812 2226 maius
825 2161 842 2229 τ’
854 2149 922 2226 vix
939 2151 1039 2226 lauri
1057 2162 1227 2249 tempora
1246 2149 1482 2239 inumbrant,

584 2272 742 2375 Cingere
759 2303 852 2353 mox
872 2280 1003 2354 eadem
1021 2303 1126 2354 sacra
1143 2277 1240 2352 tiara
1259 2274 1374 2374 cupit.

476 2451 677 2533 Doctorem
696 2458 877 2552 celebrat,
898 2483 974 2556 quo
992 2483 1092 2534 nunc
1111 2458 1304 2558 gaudebat
1321 2455 1497 2548 alumno,
1640 2465 1642 2472 '

582 2582 659 2659 Nec
677 2610 804 2679 mora,
822 2597 1010 2685 pastorem
1028 2587 1203 2662 Rosnava
1220 2583 1353 2659 laudat
1370 2591 1466 2656 eum.

475 2762 646 2865 Amplior
663 2766 753 2840 hinc
773 2769 877 2842 dotes
896 2777 933 2840 et
951 2770 1063 2842 curas
1079 2790 1166 2841 area
1183 2761 1320 2863 poscit:
1335 2809 1337 2812 -

487 2938 491 2954 ι
580 2890 735 2988 Iamque
754 2910 866 2968 vocat
883 2893 1084 2995 Barauyae
1102 2901 1202 2968 terra
1220 2892 1333 2966 beato
1351 2909 1473 2964 suum.

473 3071 644 3172 Ergone,
661 3072 831 3167 dicebas,
850 3074 1008 3168 humili,
1028 3073 1244 3170 frustraque
1266 3073 1433 3148 modesto

579 3202 733 3277 Praeter
749 3210 838 3275 vota
855 3198 951 3274 mihi
964 3201 1108 3300 'templa
1125 3200 1294 3275 recludet
1312 3195 1464 3274 honor?¹

474 3378 534 3454 Sic
552 3389 618 3454 est.
639 3379 741 3472 Quin
758 3380 880 3471 noris,
899 3380 976 3453 iam
993 3389 1031 3454 to
1049 3378 1278 3478 praenuncia
1294 3378 1459 3479 vulgat,
1539 3378 1542 3385 ’

578 3504 653 3597 Qui
671 3516 870 3606 superant,
888 3516 1043 3580 cunctos
1063 3502 1165 3580 fama
1184 3504 1310 3582 subire
1328 3505 1480 3605 gradus.

355 3683 357 3694 ¹
471 3683 608 3781 Fitque
625 3694 751 3760 ratum
770 3684 924 3786 superis.
944 3684 996 3759 Te
1014 3686 1101 3760 vult
1119 3694 1268 3784 pastore
1285 3682 1423 3774 beari,
1547 3684 1603 3694 ”

577 3810 683 3903 Quae
701 3810 844 3911 patriae
863 3835 1010 3909 semper
1027 3810 1150 3910 prima
1168 3806 1443 3886 columnaluit.
1471 3834 1474 3843 ⁷

470 3988 619 4065 Emicat
637 3990 726 4065 inde
743 3990 851 4065 novis
868 4014 1006 4065 nomen
1025 3988 1243 4091 fulgoribus
1260 3988 1392 4066 Archi·
1521 3988 1524 3993 ’

576 4116 785 4211 PraesuliS,
804 4113 947 4228 et'oelsi
964 4116 1145 4217 principis
1164 4116 1250 4196 iude
1268 4126 1390 4195 tuum.

469 4296 518 4371 Et
536 4322 635 4373 nova
654 4322 739 4371 cum
761 4296 886 4370 titulis
906 4296 1168 4397 glomerantur
1186 4296 1337 4390 munia,
1366 4318 1527 4392 quorum

576 4421 746 4514 Quodvis
764 4433 802 4498 te
821 4433 944 4498 totum
962 4422 1132 4498 vindicat
1150 4446 1270 4520 usque
1289 4421 1370 4500 sibi.

469 4600 545 4677 Nec
564 4603 672 4678 satis:
693 4602 842 4678 eximiis
861 4600 1005 4677 accedit
1022 4602 1142 4677 Roma
1161 4601 1384 4702 triumphiS,

574 4729 769 4823 Gaudens,
788 4730 889 4826 quod
907 4752 1019 4828 super
1038 4738 1113 4822 est,
1142 4729 1380 4803 accumulare
1399 4728 1522 4801 decus.

467 4907 561 5000 Quis
579 4908 653 4984 fuit
670 4908 733 4985 ille
754 4909 853 5003 dies,
871 4909 938 5006 qui
956 4920 992 4985 te
1011 4909 1159 5012 fulgere
1180 4910 1309 5012 galero

573 5033 778 5128 Ornatam,
796 5044 835 5109 et
850 5034 949 5109 vidit
966 5036 1120 5110 reddere
1138 5045 1229 5111 vota
1246 5031 1342 5109 Deol
