4084 6000
940 613 1015 688 209

345 822 428 915 Quo
447 826 537 918 ruis,
558 836 625 899 aut
643 850 738 922 quae
758 851 840 926 spes
860 826 1055 901 incautum
1072 825 1201 900 ludit?
1220 827 1322 900 inani

345 931 420 1008 Gur
437 935 582 1032 caperis
600 959 729 1007 rerum
746 934 886 1033 specie,
904 934 1105 1030 verbisque
1124 935 1292 1008 dolosis‘l

345 1038 501 1116 Gemma
518 1041 576 1114 tui
593 1041 752 1141 generis,
771 1061 853 1140 spes
872 1041 1042 1115 maxima
1059 1041 1190 1140 patris,
1208 1052 1353 1116 amatae

302 1243 305 1254 s
343 1145 532 1222 Delicium
550 1149 693 1242 matris,
713 1149 900 1224 sociorum
918 1173 1003 1223 care
1022 1148 1179 1222 sodalis!

344 1253 449 1328 Tune
467 1255 672 1354 voluptatis
691 1281 814 1330 eomes
832 1256 905 1332 ibis
925 1255 1086 1356 perdite,
1105 1266 1194 1330 tune

346 1362 440 1436 Ante
460 1363 560 1437 diem
578 1365 678 1462 patri
695 1364 886 1457 tumulum
905 1362 1093 1459 matrique
1111 1361 1293 1461 parabis?

346 1469 392 1544 Et
409 1469 492 1563 tibi,
510 1493 585 1565 quo
604 1481 731 1544 tecum
749 1495 851 1570 spes,
870 1481 907 1546 et
924 1481 992 1545 tua
1010 1471 1171 1544 crimina
1189 1471 1355 1544 condas?

346 1575 378 1651 Ο
397 1578 427 1650 si
446 1577 582 1672 aliquis
600 1579 701 1653 Deus
720 1589 786 1670 est,
805 1578 1004 1654 hominum
1023 1579 1090 1674 qui
1108 1576 1187 1651 fata
1205 1579 1411 1678 gubernat,

346 1683 448 1758 Dum
465 1685 570 1777 licet,
588 1685 691 1759 hunc
710 1685 812 1760 erebi
830 1686 970 1786 patulis
988 1687 1035 1759 de
1053 1683 1244 1777 faucibuS,
1263 1710 1348 1778 oro,

345 1789 513 1891 Eripiat3
532 1804 659 1867 nostra
678 1817 746 1868 nec
765 1794 865 1867 enim
885 1792 960 1867 iam
978 1816 1071 1867 voce
1090 1802 1275 1866 movetur.

347 1899 520 1974 Audior‘l
541 1911 607 1974 aut
625 1901 724 1975 votis
742 1901 1021 1996 necquidquam
1040 1901 1139 1973 celsa
1157 1898 1278 1999 fatigo

347 2007 474 2081 Astra!
494 2005 589 2081 nihil
608 2011 710 2104 quod
726 2008 971 2109 praecipitem
988 2008 1234 2099 revocaverit,
1253 2006 1409 2080 exstat?

531 2228 539 2243 ·
633 2222 696 2303 Per
716 2218 913 2304 molestiam
932 2217 976 2303 cd
992 2219 1123 2323 fruma
1141 2220 1331 2306 revcaur.

348 2435 446 2511 Vota
461 2461 663 2535 precesque
680 2439 762 2538 pias
780 2438 901 2513 calido
919 2439 965 2513 de
984 2446 1133 2537 pectore
1151 2435 1258 2512 fusas
1335 2493 1338 2498 a

347 2541 430 2619 Non
448 2546 606 2620 credunt
623 2548 749 2645 superi
765 2546 903 2638 ventis,
922 2571 989 2620 neo
1008 2555 1134 2620 nostra
1152 2543 1326 2620 feruntur

347 2651 458 2726 Irrita
475 2663 584 2726 vota:
603 2653 707 2752 prius
727 2678 842 2750 quam
858 2662 960 2727 totus
979 2653 1101 2728 abiret
1118 2652 1252 2727 Alexis

347 2759 472 2834 Foeda
489 2760 695 2860 voluptatis
712 2760 805 2862 iuga
823 2769 1063 2860 portaturus:
1082 2761 1242 2834 eundem

347 2867 422 2943 Enl
442 2891 509 2966 per
525 2867 599 2966 iter
617 2868 749 2962 divum
768 2877 929 2969 cognata
947 2867 1130 2942 modestia
1148 2867 1268 2942 sistit:

348 2973 485 3049 Induta
503 2975 689 3051 humanos
707 2977 854 3069 vultuS,
873 2984 911 3051 et
929 2974 1065 3051 frontis
1082 2974 1267 3049 honorem

347 3083 578 3184 Augustum,
596 3107 777 3180 raraeque
796 3086 908 3158 decus
925 3083 1169 3158 memorabile
1187 3080 1340 3157 formae.

348 3190 518 3286 Namque
537 3216 664 3266 recens
682 3192 812 3267 niveas
832 3202 990 3266 exornat
1007 3214 1176 3291 purpura
1192 3189 1332 3281 malas,

319 3306 323 3311 '
347 3297 396 3373 Et
414 3298 559 3372 mixtus
578 3302 737 3374 candore
755 3302 882 3392 rubor,
900 3297 1143 3398 pulchrisque
1161 3322 1332 3372 rosarum

219 3452 222 3455 -
348 3404 479 3481 Gratia
494 3405 586 3479 viva
603 3407 719 3482 labris
737 3416 971 3499 vernant,·ac
989 3407 1072 3481 luce
1092 3430 1221 3480 serena
1250 3478 1256 3492 ,

348 3512 458 3588 Casta
476 3514 706 3588 renidentem
724 3512 956 3613 perfundunt
973 3514 1119 3587 lumina
1136 3514 1297 3588 vultum.

348 3620 480 3695 Iuncta
497 3622 687 3695 venustati
705 3612 879 3696 maiestas
897 3622 1038 3697 blanda
1057 3622 1229 3694 decorem

348 3729 485 3828 Auget,
504 3739 540 3803 et
558 3728 730 3803 aethereo
748 3731 884 3828 probat
902 3750 980 3801 esse
998 3752 1017 3800 e
1037 3727 1177 3801 semine
1196 3733 1333 3799 natam.

347 3834 452 3911 Haec
469 3836 567 3911 male
585 3860 673 3910 cum
690 3836 868 3910 comitem
885 3858 1084 3935 perversae
1103 3833 1201 3907 vidit
1217 3830 1390 3922 Alexim,

347 3941 524 4035 Erubuit,
542 3944 742 4037 oculosque
762 3944 889 4017 dolens
908 3940 1065 4032 avertit,
1083 3950 1120 4014 et
1137 3940 1214 4013 imo
1263 3981 1267 3991 ι
1356 3978 1363 3985 x

347 4051 504 4125 Pectore
523 4075 609 4125 oum
628 4050 774 4151 gemitu
792 4052 932 4124 ducens
950 4043 1125 4147 suspiria,
1141 4071 1253 4145 porro

349 4158 407 4231 lre
424 4167 534 4257 parat
551 4157 727 4258 gradiens
747 4157 887 4256 (posita
905 4179 970 4256 spe
988 4179 1096 4254 posse
1113 4153 1253 4228 reverti

348 4263 576 4363 Corruptum
595 4267 643 4339 ad
661 4262 848 4363 frugem);
868 4265 932 4337 sed
950 4261 1050 4336 enim
1068 4286 1212 4335 memor
1229 4281 1350 4355 usque
1368 4253 1504 4356 prioris

348 4371 493 4462 CultuS,
512 4382 550 4445 et
564 4370 667 4462 fidei,
684 4395 761 4467 qua
777 4370 926 4445 iunctus
944 4370 1046 4444 vixit
1063 4368 1194 4444 Alexis

348 4478 527 4553 Hucdum
544 4478 614 4572 illi,
632 4478 746 4553 simul
763 4476 968 4552 innocuum
987 4502 1056 4551 sua
1074 4499 1252 4572 quaerere
1271 4476 1424 4547 damna:

348 4586 559 4679 Ocndoluit,
576 4584 801 4680 monitisque
821 4584 909 4677 suiS,
928 4584 1034 4680 queis
1053 4607 1168 4657 saxea
1185 4583 1298 4656 corda

347 4692 579 4794 Expugnare
597 4702 723 4790 queat,
740 4692 934 4793 tigresque
953 4694 1106 4766 domare
1123 4688 1286 4781 feroces,

348 4801 486 4875 Instat:
506 4825 612 4875 amor
629 4808 766 4893 noster,
785 4800 994 4901 geminans,
1012 4808 1050 4872 et
1067 4796 1207 4898 gaudia
1225 4795 1437 4899 quondam,

351 4908 448 4984 Siste
467 4910 630 5009 gradum
647 4930 789 5005 precor,
807 4915 845 4981 et
863 4904 1000 4980 nostris
1019 4907 1171 4979 adverte
1190 4900 1371 5000 querelisl

350 5012 434 5091 Non
452 5016 627 5111 estquod
644 5013 770 5117 fugias
787 5012 940 5088 inimica
956 5021 1098 5105 mente,
1116 5034 1184 5110 per
1200 5032 1329 5085 omnes
1353 5110 1403 5187 14
