<?xml version="1.0" encoding="UTF-8"?>
<!DOCTYPE html PUBLIC "-//W3C//DTD XHTML 1.0 Transitional//EN"
    "http://www.w3.org/TR/xhtml1/DTD/xhtml1-transitional.dtd">
<html xmlns="http://www.w3.org/1999/xhtml" xml:lang="en" lang="en">
 <head>
  <title>
</title>
<meta http-equiv="Content-Type" content="text/html;charset=utf-8" />
  <meta name='ocr-system' content='tesseract 3.04.00' />
  <meta name='ocr-capabilities' content='ocr_page ocr_carea ocr_par ocr_line ocrx_word'/>
</head>
<body>
  <div class='ocr_page' id='page_1' title='image "./poematumlibrise00jallgoog_0184.png"; bbox 0 0 4084 6000; ppageno 0'>
   <div class='ocr_carea' id='block_1_1' title="bbox 957 611 1029 684">
    <p class='ocr_par' dir='ltr' id='par_1_1' title="bbox 957 611 1029 684">
     <span class='ocr_line' id='line_1_1' title="bbox 957 611 1029 684; baseline 0 -1"><span class='ocrx_word' id='word_1_1' title='bbox 957 611 1029 684; x_wconf 71' lang='lat'><strong>152</strong></span> 
     </span>
    </p>
   </div>
   <div class='ocr_carea' id='block_1_2' title="bbox 317 823 1524 1781">
    <p class='ocr_par' dir='ltr' id='par_1_2' title="bbox 317 823 1524 1781">
     <span class='ocr_line' id='line_1_2' title="bbox 361 823 1324 924; baseline -0.002 -26"><span class='ocrx_word' id='word_1_2' title='bbox 361 824 436 916; x_wconf 80' lang='lat' dir='ltr'><strong>Qui</strong></span> <span class='ocrx_word' id='word_1_3' title='bbox 454 824 593 923; x_wconf 86' lang='lat' dir='ltr'><strong>pietate</strong></span> <span class='ocrx_word' id='word_1_4' title='bbox 611 825 695 924; x_wconf 89' lang='lat' dir='ltr'><strong>pari</strong></span> <span class='ocrx_word' id='word_1_5' title='bbox 713 833 928 900; x_wconf 84' lang='lat' dir='ltr'><strong>sanctorum</strong></span> <span class='ocrx_word' id='word_1_6' title='bbox 945 833 1074 901; x_wconf 87' lang='lat' dir='ltr'><strong>sancta</strong></span> <span class='ocrx_word' id='word_1_7' title='bbox 1092 823 1324 922; x_wconf 85' lang='lat' dir='ltr'><strong>frequentet,</strong></span> 
     </span>
     <span class='ocr_line' id='line_1_3' title="bbox 360 930 1259 1034; baseline 0.001 -28"><span class='ocrx_word' id='word_1_8' title='bbox 360 934 607 1029; x_wconf 87' lang='lat' dir='ltr'><strong>Pastoresque</strong></span> <span class='ocrx_word' id='word_1_9' title='bbox 626 932 738 1034; x_wconf 83' lang='lat' dir='ltr'>gregi</span> <span class='ocrx_word' id='word_1_10' title='bbox 755 956 860 1006; x_wconf 88' lang='lat' dir='ltr'><strong>sacro</strong></span> <span class='ocrx_word' id='word_1_11' title='bbox 877 930 1049 1028; x_wconf 89' lang='lat' dir='ltr'><strong>fidosque</strong></span> <span class='ocrx_word' id='word_1_12' title='bbox 1067 931 1259 1008; x_wconf 87' lang='lat' dir='ltr'><strong>ministros</strong></span> 
     </span>
     <span class='ocr_line' id='line_1_4' title="bbox 358 1039 1211 1138; baseline 0 -24"><span class='ocrx_word' id='word_1_13' title='bbox 358 1039 498 1114; x_wconf 88' lang='lat' dir='ltr'><strong>Divino</strong></span> <span class='ocrx_word' id='word_1_14' title='bbox 516 1041 631 1114; x_wconf 89' lang='lat' dir='ltr'><strong>donet</strong></span> <span class='ocrx_word' id='word_1_15' title='bbox 648 1041 786 1132; x_wconf 90' lang='lat' dir='ltr'><strong>verbo,</strong></span> <span class='ocrx_word' id='word_1_16' title='bbox 805 1039 880 1114; x_wconf 91' lang='lat' dir='ltr'><strong>iam</strong></span> <span class='ocrx_word' id='word_1_17' title='bbox 898 1039 1052 1114; x_wconf 91' lang='lat' dir='ltr'><strong>numine</strong></span> <span class='ocrx_word' id='word_1_18' title='bbox 1071 1041 1211 1138; x_wconf 89' lang='lat' dir='ltr'><strong>plenos.</strong></span> 
     </span>
     <span class='ocr_line' id='line_1_5' title="bbox 463 1145 1524 1244; baseline -0.001 -23"><span class='ocrx_word' id='word_1_19' title='bbox 463 1145 566 1221; x_wconf 89' lang='lat' dir='ltr'><strong>Haec</strong></span> <span class='ocrx_word' id='word_1_20' title='bbox 585 1147 659 1221; x_wconf 93' lang='lat' dir='ltr'><strong>tibi</strong></span> <span class='ocrx_word' id='word_1_21' title='bbox 677 1169 782 1220; x_wconf 88' lang='lat' dir='ltr'><strong>sacra</strong></span> <span class='ocrx_word' id='word_1_22' title='bbox 799 1147 898 1239; x_wconf 82' lang='lat' dir='ltr'><strong>dies,</strong></span> <span class='ocrx_word' id='word_1_23' title='bbox 916 1171 1112 1242; x_wconf 91' lang='lat' dir='ltr'><strong>nunquam</strong></span> <span class='ocrx_word' id='word_1_24' title='bbox 1130 1172 1205 1221; x_wconf 93' lang='lat' dir='ltr'><strong>non</strong></span> <span class='ocrx_word' id='word_1_25' title='bbox 1224 1145 1320 1222; x_wconf 83' lang='lat' dir='ltr'><strong>festa</strong></span> <span class='ocrx_word' id='word_1_26' title='bbox 1337 1155 1524 1244; x_wconf 80' lang='lat' dir='ltr'><strong>recurret3</strong></span> 
     </span>
     <span class='ocr_line' id='line_1_6' title="bbox 361 1251 1206 1353; baseline 0.001 -26"><span class='ocrx_word' id='word_1_27' title='bbox 361 1253 443 1327; x_wconf 90' lang='lat' dir='ltr'><strong>Hac</strong></span> <span class='ocrx_word' id='word_1_28' title='bbox 462 1253 532 1328; x_wconf 91' lang='lat' dir='ltr'><strong>tibi</strong></span> <span class='ocrx_word' id='word_1_29' title='bbox 551 1251 636 1327; x_wconf 84' lang='lat' dir='ltr'><strong>fusa</strong></span> <span class='ocrx_word' id='word_1_30' title='bbox 655 1254 715 1328; x_wconf 91' lang='lat' dir='ltr'><strong>die</strong></span> <span class='ocrx_word' id='word_1_31' title='bbox 734 1256 893 1328; x_wconf 80' lang='lat' dir='ltr'><strong>devotae</strong></span> <span class='ocrx_word' id='word_1_32' title='bbox 912 1253 1059 1353; x_wconf 81' lang='lat' dir='ltr'><strong>suscipe</strong></span> <span class='ocrx_word' id='word_1_33' title='bbox 1077 1279 1206 1328; x_wconf 89' lang='lat' dir='ltr'><strong>musae</strong></span> 
     </span>
     <span class='ocr_line' id='line_1_7' title="bbox 361 1360 1291 1462; baseline -0.001 -27"><span class='ocrx_word' id='word_1_34' title='bbox 361 1360 482 1453; x_wconf 87' lang='lat' dir='ltr'><strong>Vota,</strong></span> <span class='ocrx_word' id='word_1_35' title='bbox 500 1360 579 1434; x_wconf 90' lang='lat' dir='ltr'><strong>dies</strong></span> <span class='ocrx_word' id='word_1_36' title='bbox 597 1361 724 1462; x_wconf 87' lang='lat' dir='ltr'><strong>pylios</strong></span> <span class='ocrx_word' id='word_1_37' title='bbox 743 1373 780 1434; x_wconf 92' lang='lat' dir='ltr'><strong>et</strong></span> <span class='ocrx_word' id='word_1_38' title='bbox 797 1362 919 1435; x_wconf 87' lang='lat' dir='ltr'><strong>lustra</strong></span> <span class='ocrx_word' id='word_1_39' title='bbox 936 1364 1048 1436; x_wconf 89' lang='lat' dir='ltr'><strong>beata</strong></span> <span class='ocrx_word' id='word_1_40' title='bbox 1067 1361 1247 1435; x_wconf 78' lang='lat' dir='ltr'><strong>canentia.</strong></span> <span class='ocrx_word' id='word_1_41' title='bbox 1288 1435 1291 1443; x_wconf 80' lang='grc'>,</span> 
     </span>
     <span class='ocr_line' id='line_1_8' title="bbox 359 1467 1381 1568; baseline -0.002 -25"><span class='ocrx_word' id='word_1_42' title='bbox 359 1467 523 1567; x_wconf 83' lang='lat' dir='ltr'>Tempus</span> <span class='ocrx_word' id='word_1_43' title='bbox 541 1467 628 1560; x_wconf 89' lang='lat' dir='ltr'><strong>erit,</strong></span> <span class='ocrx_word' id='word_1_44' title='bbox 646 1467 790 1542; x_wconf 85' lang='lat' dir='ltr'><strong>meritis</strong></span> <span class='ocrx_word' id='word_1_45' title='bbox 808 1468 877 1542; x_wconf 92' lang='lat' dir='ltr'><strong>ubi</strong></span> <span class='ocrx_word' id='word_1_46' title='bbox 895 1468 1012 1568; x_wconf 81' lang='lat' dir='ltr'><strong>digna</strong></span> <span class='ocrx_word' id='word_1_47' title='bbox 1030 1491 1183 1542; x_wconf 87' lang='lat' dir='ltr'><strong>camena</strong></span> <span class='ocrx_word' id='word_1_48' title='bbox 1201 1492 1381 1568; x_wconf 76' lang='lat' dir='ltr'>perennes</span> 
     </span>
     <span class='ocr_line' id='line_1_9' title="bbox 317 1574 1265 1680; baseline 0.002 -30"><span class='ocrx_word' id='word_1_49' title='bbox 317 1659 323 1676; x_wconf 34' lang='lat'><strong>¹</strong></span> <span class='ocrx_word' id='word_1_50' title='bbox 360 1576 435 1650; x_wconf 90' lang='lat' dir='ltr'><strong>Pro</strong></span> <span class='ocrx_word' id='word_1_51' title='bbox 453 1574 599 1674; x_wconf 89' lang='lat' dir='ltr'><strong>patria,</strong></span> <span class='ocrx_word' id='word_1_52' title='bbox 618 1601 687 1674; x_wconf 92' lang='lat' dir='ltr'><strong>pro</strong></span> <span class='ocrx_word' id='word_1_53' title='bbox 705 1599 797 1675; x_wconf 85' lang='lat' dir='ltr'><strong>rege</strong></span> <span class='ocrx_word' id='word_1_54' title='bbox 815 1576 900 1674; x_wconf 93' lang='lat' dir='ltr'><strong>pio,</strong></span> <span class='ocrx_word' id='word_1_55' title='bbox 918 1575 1124 1680; x_wconf 84' lang='lat' dir='ltr'>populique</span> <span class='ocrx_word' id='word_1_56' title='bbox 1144 1575 1265 1652; x_wconf 85' lang='lat' dir='ltr'><strong>salute</strong></span> 
     </span>
     <span class='ocr_line' id='line_1_10' title="bbox 359 1669 1196 1781; baseline 0 -23"><span class='ocrx_word' id='word_1_57' title='bbox 359 1682 476 1758; x_wconf 82' lang='lat' dir='ltr'><strong>Guras</strong></span> <span class='ocrx_word' id='word_1_58' title='bbox 495 1682 709 1781; x_wconf 91' lang='lat' dir='ltr'><strong>praesuleas</strong></span> <span class='ocrx_word' id='word_1_59' title='bbox 728 1694 879 1757; x_wconf 88' lang='lat' dir='ltr'><strong>aeterno</strong></span> <span class='ocrx_word' id='word_1_60' title='bbox 897 1681 1064 1758; x_wconf 76' lang='lat' dir='ltr'>carmine</span> <span class='ocrx_word' id='word_1_61' title='bbox 1083 1669 1196 1758; x_wconf 84' lang='lat' dir='ltr'><strong>dicet.</strong></span> 
     </span>
    </p>
   </div>
   <div class='ocr_carea' id='block_1_3' title="bbox 893 1903 1104 1914">
    <p class='ocr_par' dir='ltr' id='par_1_3' title="bbox 893 1903 1104 1914">
     <span class='ocr_line' id='line_1_11' title="bbox 893 1903 1104 1914; baseline -0.009 0"><span class='ocrx_word' id='word_1_62' title='bbox 893 1903 1104 1914; x_wconf 62' lang='lat' dir='ltr'><strong>m</strong></span> 
     </span>
    </p>
   </div>
   <div class='ocr_carea' id='block_1_4' title="bbox 964 2109 1027 2183">
    <p class='ocr_par' dir='ltr' id='par_1_4' title="bbox 964 2109 1027 2183">
     <span class='ocr_line' id='line_1_12' title="bbox 964 2109 1027 2183; baseline -0.016 -1"><span class='ocrx_word' id='word_1_63' title='bbox 964 2109 1027 2183; x_wconf 89' lang='lat' dir='ltr'><strong>Ill.</strong></span> 
     </span>
    </p>
   </div>
   <div class='ocr_carea' id='block_1_5' title="bbox 368 2293 1637 2551">
    <p class='ocr_par' dir='ltr' id='par_1_5' title="bbox 368 2290 1637 2551">
     <span class='ocr_line' id='line_1_13' title="bbox 368 2293 1637 2417; baseline 0.002 -21"><span class='ocrx_word' id='word_1_64' title='bbox 368 2328 422 2397; x_wconf 77' lang='lat' dir='ltr'><strong>Aa</strong></span> <span class='ocrx_word' id='word_1_65' title='bbox 441 2328 598 2398; x_wconf 82' lang='lat' dir='ltr'><strong>Ioannem</strong></span> <span class='ocrx_word' id='word_1_66' title='bbox 624 2305 721 2416; x_wconf 72' lang='lat' dir='ltr'><strong>Bopt</strong></span> <span class='ocrx_word' id='word_1_67' title='bbox 741 2293 920 2394; x_wconf 74' lang='lat' dir='ltr'><strong>suessan</strong></span> <span class='ocrx_word' id='word_1_68' title='bbox 933 2327 1163 2415; x_wconf 77' lang='lat' dir='ltr'><strong>praepositum</strong></span> <span class='ocrx_word' id='word_1_69' title='bbox 1188 2328 1381 2400; x_wconf 72' lang='lat' dir='ltr'><strong>scholaram</strong></span> <span class='ocrx_word' id='word_1_70' title='bbox 1406 2327 1542 2417; x_wconf 81' lang='lat' dir='ltr'><strong>piorum</strong></span> <span class='ocrx_word' id='word_1_71' title='bbox 1556 2347 1637 2417; x_wconf 83' lang='lat' dir='ltr'><strong>pro·</strong></span> 
     </span>
     <span class='ocr_line' id='line_1_14' title="bbox 545 2453 1343 2551; baseline 0 -26"><span class='ocrx_word' id='word_1_72' title='bbox 545 2486 547 2495; x_wconf 92' lang='grc'><strong><em>·</em></strong></span> <span class='ocrx_word' id='word_1_73' title='bbox 609 2540 611 2551; x_wconf 33' lang='grc' dir='ltr'>Ι</span> <span class='ocrx_word' id='word_1_74' title='bbox 646 2455 842 2541; x_wconf 68' lang='lat' dir='ltr'><strong>nicoclem,</strong></span> <span class='ocrx_word' id='word_1_75' title='bbox 861 2453 916 2521; x_wconf 82' lang='lat' dir='ltr'><strong>dic</strong></span> <span class='ocrx_word' id='word_1_76' title='bbox 932 2453 1082 2522; x_wconf 68' lang='lat' dir='ltr'><strong>mecam</strong></span> <span class='ocrx_word' id='word_1_77' title='bbox 1099 2455 1210 2525; x_wconf 77' lang='lat' dir='ltr'><strong>notolt</strong></span> <span class='ocrx_word' id='word_1_78' title='bbox 1232 2453 1343 2525; x_wconf 79' lang='lat'><strong><em>1839.</em></strong></span> 
     </span>
    </p>
   </div>
   <div class='ocr_carea' id='block_1_6' title="bbox 369 2595 1546 3594">
    <p class='ocr_par' dir='ltr' id='par_1_6' title="bbox 369 2595 1546 2850">
     <span class='ocr_line' id='line_1_15' title="bbox 370 2595 1546 2745; baseline 0.002 -27"><span class='ocrx_word' id='word_1_79' title='bbox 370 2595 477 2726; x_wconf 79' lang='lat' dir='ltr'><strong>lluae</strong></span> <span class='ocrx_word' id='word_1_80' title='bbox 496 2645 611 2738; x_wconf 90' lang='lat' dir='ltr'><strong>mihi,</strong></span> <span class='ocrx_word' id='word_1_81' title='bbox 629 2652 713 2722; x_wconf 87' lang='lat' dir='ltr'><strong>care</strong></span> <span class='ocrx_word' id='word_1_82' title='bbox 732 2657 892 2745; x_wconf 87' lang='lat' dir='ltr'><strong>pater,</strong></span> <span class='ocrx_word' id='word_1_83' title='bbox 911 2668 1006 2740; x_wconf 87' lang='lat' dir='ltr'><strong>quae</strong></span> <span class='ocrx_word' id='word_1_84' title='bbox 1027 2670 1224 2744; x_wconf 83' lang='lat' dir='ltr'><strong>praeses</strong></span> <span class='ocrx_word' id='word_1_85' title='bbox 1244 2647 1374 2737; x_wconf 89' lang='lat' dir='ltr'><strong>docte,</strong></span> <span class='ocrx_word' id='word_1_86' title='bbox 1391 2656 1546 2720; x_wconf 87' lang='lat' dir='ltr'><strong>tuarum</strong></span> 
     </span>
     <span class='ocr_line' id='line_1_16' title="bbox 369 2749 1259 2850; baseline 0.009 -28"><span class='ocrx_word' id='word_1_87' title='bbox 369 2749 536 2828; x_wconf 82' lang='lat' dir='ltr'><strong>Diffusus</strong></span> <span class='ocrx_word' id='word_1_88' title='bbox 557 2754 714 2828; x_wconf 90' lang='lat' dir='ltr'><strong>laudum</strong></span> <span class='ocrx_word' id='word_1_89' title='bbox 730 2776 906 2833; x_wconf 88' lang='lat' dir='ltr'><strong>numeros</strong></span> <span class='ocrx_word' id='word_1_90' title='bbox 922 2776 1145 2850; x_wconf 90' lang='lat' dir='ltr'><strong>componere</strong></span> <span class='ocrx_word' id='word_1_91' title='bbox 1165 2749 1259 2830; x_wconf 84' lang='lat' dir='ltr'><strong>felix</strong></span> 
     </span>
    </p>

    <p class='ocr_par' dir='ltr' id='par_1_7' title="bbox 371 2859 1325 2959">
     <span class='ocr_line' id='line_1_17' title="bbox 371 2859 1325 2959; baseline -0.001 -25"><span class='ocrx_word' id='word_1_92' title='bbox 371 2859 481 2934; x_wconf 88' lang='lat' dir='ltr'><strong>Musa</strong></span> <span class='ocrx_word' id='word_1_93' title='bbox 499 2860 638 2934; x_wconf 76' lang='lat' dir='ltr'><strong>dabit?</strong></span> <span class='ocrx_word' id='word_1_94' title='bbox 657 2873 784 2934; x_wconf 87' lang='lat' dir='ltr'><strong>tecum</strong></span> <span class='ocrx_word' id='word_1_95' title='bbox 801 2861 946 2959; x_wconf 85' lang='lat' dir='ltr'><strong>gaudet</strong></span> <span class='ocrx_word' id='word_1_96' title='bbox 963 2859 1050 2958; x_wconf 89' lang='lat' dir='ltr'><strong>pius</strong></span> <span class='ocrx_word' id='word_1_97' title='bbox 1068 2862 1158 2933; x_wconf 83' lang='lat' dir='ltr'><strong>onlo</strong></span> <span class='ocrx_word' id='word_1_98' title='bbox 1177 2885 1325 2934; x_wconf 85' lang='lat' dir='ltr'><strong>serenos</strong></span> 
     </span>
    </p>

    <p class='ocr_par' dir='ltr' id='par_1_8' title="bbox 370 2966 1210 3067">
     <span class='ocr_line' id='line_1_18' title="bbox 370 2966 1210 3067; baseline 0 -26"><span class='ocrx_word' id='word_1_99' title='bbox 370 2966 555 3042; x_wconf 80' lang='lat' dir='ltr'><strong>Exeruere</strong></span> <span class='ocrx_word' id='word_1_100' title='bbox 574 2968 672 3064; x_wconf 79' lang='lat' dir='ltr'><strong>dies3</strong></span> <span class='ocrx_word' id='word_1_101' title='bbox 691 2991 886 3043; x_wconf 83' lang='lat' dir='ltr'><strong>musarum</strong></span> <span class='ocrx_word' id='word_1_102' title='bbox 903 2967 1018 3067; x_wconf 84' lang='lat' dir='ltr'><strong>gestit</strong></span> <span class='ocrx_word' id='word_1_103' title='bbox 1036 2967 1210 3043; x_wconf 86' lang='lat' dir='ltr'><strong>alumnus</strong></span> 
     </span>
    </p>

    <p class='ocr_par' dir='ltr' id='par_1_9' title="bbox 374 3074 1493 3282">
     <span class='ocr_line' id='line_1_19' title="bbox 374 3074 1493 3174; baseline -0.002 -25"><span class='ocrx_word' id='word_1_104' title='bbox 374 3075 552 3168; x_wconf 82' lang='lat' dir='ltr'><strong>Cernere,</strong></span> <span class='ocrx_word' id='word_1_105' title='bbox 570 3075 740 3150; x_wconf 91' lang='lat' dir='ltr'><strong>delibans</strong></span> <span class='ocrx_word' id='word_1_106' title='bbox 758 3075 822 3174; x_wconf 89' lang='lat' dir='ltr'><strong>pia</strong></span> <span class='ocrx_word' id='word_1_107' title='bbox 839 3098 965 3148; x_wconf 89' lang='lat' dir='ltr'><strong>sacrae</strong></span> <span class='ocrx_word' id='word_1_108' title='bbox 984 3074 1092 3149; x_wconf 88' lang='lat' dir='ltr'><strong>basia</strong></span> <span class='ocrx_word' id='word_1_109' title='bbox 1108 3076 1286 3171; x_wconf 77' lang='lat' dir='ltr'><strong>dextrae3</strong></span> <span class='ocrx_word' id='word_1_110' title='bbox 1490 3161 1493 3169; x_wconf 65' lang='lat'><strong>,</strong></span> 
     </span>
     <span class='ocr_line' id='line_1_20' title="bbox 374 3182 1409 3282; baseline 0.001 -26"><span class='ocrx_word' id='word_1_111' title='bbox 374 3183 590 3282; x_wconf 85' lang='lat' dir='ltr'><strong>Conspicuis</strong></span> <span class='ocrx_word' id='word_1_112' title='bbox 609 3183 798 3256; x_wconf 88' lang='lat' dir='ltr'><strong>celebrare</strong></span> <span class='ocrx_word' id='word_1_113' title='bbox 817 3182 931 3273; x_wconf 89' lang='lat' dir='ltr'><strong>viris,</strong></span> <span class='ocrx_word' id='word_1_114' title='bbox 949 3206 1222 3279; x_wconf 83' lang='lat' dir='ltr'><strong>procerumque</strong></span> <span class='ocrx_word' id='word_1_115' title='bbox 1241 3205 1409 3257; x_wconf 86' lang='lat' dir='ltr'><strong>coronae.</strong></span> 
     </span>
    </p>

    <p class='ocr_par' dir='ltr' id='par_1_10' title="bbox 373 3287 1222 3388">
     <span class='ocr_line' id='line_1_21' title="bbox 373 3287 1222 3388; baseline -0.004 -24"><span class='ocrx_word' id='word_1_116' title='bbox 373 3289 449 3364; x_wconf 88' lang='lat' dir='ltr'><strong>Nec</strong></span> <span class='ocrx_word' id='word_1_117' title='bbox 467 3290 611 3388; x_wconf 83' lang='lat' dir='ltr'><strong>patriae</strong></span> <span class='ocrx_word' id='word_1_118' title='bbox 629 3300 778 3364; x_wconf 90' lang='lat' dir='ltr'><strong>tantum</strong></span> <span class='ocrx_word' id='word_1_119' title='bbox 795 3287 909 3379; x_wconf 79' lang='lat' dir='ltr'><strong>fineS,</strong></span> <span class='ocrx_word' id='word_1_120' title='bbox 927 3288 1127 3383; x_wconf 89' lang='lat' dir='ltr'><strong>vicinaque</strong></span> <span class='ocrx_word' id='word_1_121' title='bbox 1145 3289 1222 3362; x_wconf 87' lang='lat' dir='ltr'><strong>late</strong></span> 
     </span>
    </p>

    <p class='ocr_par' dir='ltr' id='par_1_11' title="bbox 374 3396 1473 3594">
     <span class='ocr_line' id='line_1_22' title="bbox 374 3396 1473 3496; baseline 0.001 -26"><span class='ocrx_word' id='word_1_122' title='bbox 374 3398 507 3495; x_wconf 87' lang='lat' dir='ltr'><strong>Regna</strong></span> <span class='ocrx_word' id='word_1_123' title='bbox 524 3407 658 3470; x_wconf 90' lang='lat' dir='ltr'><strong>sonant</strong></span> <span class='ocrx_word' id='word_1_124' title='bbox 675 3420 885 3490; x_wconf 87' lang='lat' dir='ltr'><strong>nomenque</strong></span> <span class='ocrx_word' id='word_1_125' title='bbox 903 3405 1032 3487; x_wconf 89' lang='lat' dir='ltr'><strong>tuum,</strong></span> <span class='ocrx_word' id='word_1_126' title='bbox 1051 3396 1281 3492; x_wconf 87' lang='lat' dir='ltr'><strong>laudumque</strong></span> <span class='ocrx_word' id='word_1_127' title='bbox 1300 3407 1473 3496; x_wconf 86' lang='lat' dir='ltr'><strong>tropaea:</strong></span> 
     </span>
     <span class='ocr_line' id='line_1_23' title="bbox 376 3502 1236 3594; baseline 0 -17"><span class='ocrx_word' id='word_1_128' title='bbox 376 3503 477 3594; x_wconf 77' lang='lat' dir='ltr'><strong>Quin</strong></span> <span class='ocrx_word' id='word_1_129' title='bbox 495 3516 617 3578; x_wconf 89' lang='lat' dir='ltr'><strong>terrae</strong></span> <span class='ocrx_word' id='word_1_130' title='bbox 636 3514 775 3577; x_wconf 89' lang='lat' dir='ltr'><strong>norunt</strong></span> <span class='ocrx_word' id='word_1_131' title='bbox 793 3502 869 3575; x_wconf 90' lang='lat' dir='ltr'><strong>alio</strong></span> <span class='ocrx_word' id='word_1_132' title='bbox 888 3504 959 3577; x_wconf 93' lang='lat' dir='ltr'><strong>sub</strong></span> <span class='ocrx_word' id='word_1_133' title='bbox 977 3502 1055 3576; x_wconf 92' lang='lat' dir='ltr'><strong>sole</strong></span> <span class='ocrx_word' id='word_1_134' title='bbox 1074 3504 1236 3577; x_wconf 89' lang='lat' dir='ltr'><strong>calentes</strong></span> 
     </span>
    </p>
   </div>
   <div class='ocr_carea' id='block_1_7' title="bbox 254 3607 1389 3708">
    <p class='ocr_par' dir='ltr' id='par_1_12' title="bbox 254 3607 1389 3708">
     <span class='ocr_line' id='line_1_24' title="bbox 254 3607 1389 3708; baseline -0.002 -23"><span class='ocrx_word' id='word_1_135' title='bbox 254 3661 256 3666; x_wconf 93' lang='lat'>-</span> <span class='ocrx_word' id='word_1_136' title='bbox 377 3611 428 3685; x_wconf 86' lang='lat' dir='ltr'><strong>Te</strong></span> <span class='ocrx_word' id='word_1_137' title='bbox 448 3611 612 3704; x_wconf 88' lang='lat' dir='ltr'><strong>clarum,</strong></span> <span class='ocrx_word' id='word_1_138' title='bbox 629 3618 914 3705; x_wconf 88' lang='lat' dir='ltr'><strong>memorantque</strong></span> <span class='ocrx_word' id='word_1_139' title='bbox 934 3620 1021 3683; x_wconf 88' lang='lat' dir='ltr'><strong>tuae</strong></span> <span class='ocrx_word' id='word_1_140' title='bbox 1039 3610 1237 3708; x_wconf 86' lang='lat' dir='ltr'><strong>praeconia</strong></span> <span class='ocrx_word' id='word_1_141' title='bbox 1255 3607 1389 3684; x_wconf 84' lang='lat' dir='ltr'><strong>famae.</strong></span> 
     </span>
    </p>
   </div>
   <div class='ocr_carea' id='block_1_8' title="bbox 357 3716 1503 5106">
    <p class='ocr_par' dir='ltr' id='par_1_13' title="bbox 357 3716 1503 5106">
     <span class='ocr_line' id='line_1_25' title="bbox 377 3716 1433 3818; baseline -0.002 -24"><span class='ocrx_word' id='word_1_142' title='bbox 377 3719 497 3794; x_wconf 83' lang='lat' dir='ltr'><strong>Tanta</strong></span> <span class='ocrx_word' id='word_1_143' title='bbox 516 3718 592 3792; x_wconf 87' lang='lat' dir='ltr'><strong>tuis</strong></span> <span class='ocrx_word' id='word_1_144' title='bbox 610 3718 753 3793; x_wconf 88' lang='lat' dir='ltr'><strong>meritis</strong></span> <span class='ocrx_word' id='word_1_145' title='bbox 770 3716 848 3791; x_wconf 90' lang='lat' dir='ltr'><strong>iam</strong></span> <span class='ocrx_word' id='word_1_146' title='bbox 864 3742 984 3809; x_wconf 89' lang='lat' dir='ltr'><strong>nunc,</strong></span> <span class='ocrx_word' id='word_1_147' title='bbox 1002 3717 1073 3793; x_wconf 86' lang='lat' dir='ltr'><strong>tibi</strong></span> <span class='ocrx_word' id='word_1_148' title='bbox 1091 3717 1214 3818; x_wconf 84' lang='lat' dir='ltr'><strong>gloria</strong></span> <span class='ocrx_word' id='word_1_149' title='bbox 1231 3728 1338 3791; x_wconf 90' lang='lat' dir='ltr'><strong>tanta</strong></span> <span class='ocrx_word' id='word_1_150' title='bbox 1357 3718 1433 3792; x_wconf 77' lang='lat' dir='ltr'><strong>esti</strong></span> 
     </span>
     <span class='ocr_line' id='line_1_26' title="bbox 377 3824 1426 3925; baseline -0.002 -26"><span class='ocrx_word' id='word_1_151' title='bbox 377 3825 484 3917; x_wconf 78' lang='lat' dir='ltr'><strong>Quae</strong></span> <span class='ocrx_word' id='word_1_152' title='bbox 500 3824 571 3899; x_wconf 89' lang='lat' dir='ltr'><strong>tibi</strong></span> <span class='ocrx_word' id='word_1_153' title='bbox 589 3824 668 3899; x_wconf 88' lang='lat' dir='ltr'><strong>fata</strong></span> <span class='ocrx_word' id='word_1_154' title='bbox 686 3835 819 3925; x_wconf 89' lang='lat' dir='ltr'><strong>parent</strong></span> <span class='ocrx_word' id='word_1_155' title='bbox 835 3824 1021 3898; x_wconf 89' lang='lat' dir='ltr'><strong>virtutum</strong></span> <span class='ocrx_word' id='word_1_156' title='bbox 1041 3824 1227 3924; x_wconf 86' lang='lat' dir='ltr'><strong>praemia,</strong></span> <span class='ocrx_word' id='word_1_157' title='bbox 1246 3824 1334 3898; x_wconf 90' lang='lat' dir='ltr'><strong>solis</strong></span> <span class='ocrx_word' id='word_1_158' title='bbox 1424 3872 1426 3879; x_wconf 91' lang='lat'>·</span> 
     </span>
     <span class='ocr_line' id='line_1_27' title="bbox 378 3931 1420 4033; baseline -0.003 -25"><span class='ocrx_word' id='word_1_159' title='bbox 378 3935 422 4008; x_wconf 93' lang='lat' dir='ltr'><strong>Id</strong></span> <span class='ocrx_word' id='word_1_160' title='bbox 440 3932 584 4032; x_wconf 90' lang='lat' dir='ltr'><strong>superis</strong></span> <span class='ocrx_word' id='word_1_161' title='bbox 602 3945 753 4007; x_wconf 88' lang='lat' dir='ltr'><strong>notum:</strong></span> <span class='ocrx_word' id='word_1_162' title='bbox 772 3942 829 4005; x_wconf 88' lang='lat' dir='ltr'><strong>ast</strong></span> <span class='ocrx_word' id='word_1_163' title='bbox 848 3933 1053 4007; x_wconf 88' lang='lat' dir='ltr'><strong>venerandi</strong></span> <span class='ocrx_word' id='word_1_164' title='bbox 1070 3931 1192 4033; x_wconf 83' lang='lat' dir='ltr'><strong>gloria</strong></span> <span class='ocrx_word' id='word_1_165' title='bbox 1209 3942 1337 4006; x_wconf 86' lang='lat' dir='ltr'><strong>nostra</strong></span> <span class='ocrx_word' id='word_1_166' title='bbox 1355 3943 1420 4007; x_wconf 89' lang='lat' dir='ltr'><strong>est.</strong></span> 
     </span>
     <span class='ocr_line' id='line_1_28' title="bbox 482 4039 1436 4139; baseline 0 -26"><span class='ocrx_word' id='word_1_167' title='bbox 482 4039 587 4114; x_wconf 89' lang='lat' dir='ltr'><strong>Haec</strong></span> <span class='ocrx_word' id='word_1_168' title='bbox 605 4041 675 4115; x_wconf 88' lang='lat' dir='ltr'><strong>lux</strong></span> <span class='ocrx_word' id='word_1_169' title='bbox 691 4052 729 4114; x_wconf 89' lang='lat' dir='ltr'><strong>te</strong></span> <span class='ocrx_word' id='word_1_170' title='bbox 745 4039 869 4131; x_wconf 86' lang='lat' dir='ltr'><strong>vitae,</strong></span> <span class='ocrx_word' id='word_1_171' title='bbox 886 4040 957 4113; x_wconf 88' lang='lat' dir='ltr'><strong>lux</strong></span> <span class='ocrx_word' id='word_1_172' title='bbox 975 4040 1068 4115; x_wconf 87' lang='lat' dir='ltr'><strong>haee</strong></span> <span class='ocrx_word' id='word_1_173' title='bbox 1088 4042 1293 4113; x_wconf 87' lang='lat' dir='ltr'><strong>donaverat</strong></span> <span class='ocrx_word' id='word_1_174' title='bbox 1312 4040 1436 4139; x_wconf 88' lang='lat' dir='ltr'><strong>amplo</strong></span> 
     </span>
     <span class='ocr_line' id='line_1_29' title="bbox 379 4146 1260 4249; baseline -0.003 -26"><span class='ocrx_word' id='word_1_175' title='bbox 379 4147 533 4223; x_wconf 80' lang='lat' dir='ltr'><strong>Artibus</strong></span> <span class='ocrx_word' id='word_1_176' title='bbox 551 4147 728 4249; x_wconf 83' lang='lat' dir='ltr'><strong>ingenuis</strong></span> <span class='ocrx_word' id='word_1_177' title='bbox 746 4146 892 4237; x_wconf 90' lang='lat' dir='ltr'><strong>decori,</strong></span> <span class='ocrx_word' id='word_1_178' title='bbox 911 4146 1088 4242; x_wconf 83' lang='lat' dir='ltr'><strong>dulcique</strong></span> <span class='ocrx_word' id='word_1_179' title='bbox 1105 4156 1260 4221; x_wconf 88' lang='lat' dir='ltr'><strong>tuorum</strong></span> 
     </span>
     <span class='ocr_line' id='line_1_30' title="bbox 378 4250 1230 4354; baseline -0.004 -24"><span class='ocrx_word' id='word_1_180' title='bbox 378 4254 540 4330; x_wconf 90' lang='lat' dir='ltr'><strong>Delici0:</strong></span> <span class='ocrx_word' id='word_1_181' title='bbox 559 4255 630 4328; x_wconf 88' lang='lat' dir='ltr'><strong>lux</strong></span> <span class='ocrx_word' id='word_1_182' title='bbox 648 4255 742 4329; x_wconf 91' lang='lat' dir='ltr'><strong>baec</strong></span> <span class='ocrx_word' id='word_1_183' title='bbox 760 4253 893 4327; x_wconf 91' lang='lat' dir='ltr'><strong>merito</strong></span> <span class='ocrx_word' id='word_1_184' title='bbox 912 4250 1049 4327; x_wconf 70' lang='lat' dir='ltr'><strong>festiva</strong></span> <span class='ocrx_word' id='word_1_185' title='bbox 1066 4252 1230 4354; x_wconf 82' lang='lat' dir='ltr'><strong>refulget</strong></span> 
     </span>
     <span class='ocr_line' id='line_1_31' title="bbox 362 4358 1360 4460; baseline -0.005 -22"><span class='ocrx_word' id='word_1_186' title='bbox 362 4421 366 4425; x_wconf 82' lang='lat'><em>-</em></span> <span class='ocrx_word' id='word_1_187' title='bbox 381 4361 534 4439; x_wconf 82' lang='lat' dir='ltr'><strong>Cunctis</strong></span> <span class='ocrx_word' id='word_1_188' title='bbox 551 4361 639 4435; x_wconf 90' lang='lat' dir='ltr'><strong>inde</strong></span> <span class='ocrx_word' id='word_1_189' title='bbox 656 4360 775 4450; x_wconf 84' lang='lat' dir='ltr'><strong>bonis.</strong></span> <span class='ocrx_word' id='word_1_190' title='bbox 793 4358 900 4450; x_wconf 85' lang='lat' dir='ltr'><strong>Quae</strong></span> <span class='ocrx_word' id='word_1_191' title='bbox 916 4369 1048 4433; x_wconf 88' lang='lat' dir='ltr'><strong>natum</strong></span> <span class='ocrx_word' id='word_1_192' title='bbox 1066 4359 1183 4450; x_wconf 87' lang='lat' dir='ltr'><strong>vidit,</strong></span> <span class='ocrx_word' id='word_1_193' title='bbox 1201 4372 1237 4434; x_wconf 90' lang='lat' dir='ltr'><strong>et</strong></span> <span class='ocrx_word' id='word_1_194' title='bbox 1254 4359 1336 4460; x_wconf 88' lang='lat' dir='ltr'><strong>ipsa</strong></span> <span class='ocrx_word' id='word_1_195' title='bbox 1357 4392 1360 4395; x_wconf 95' lang='lat'>·</span> 
     </span>
     <span class='ocr_line' id='line_1_32' title="bbox 381 4467 1443 4563; baseline -0.002 -18"><span class='ocrx_word' id='word_1_196' title='bbox 381 4470 432 4545; x_wconf 89' lang='lat' dir='ltr'><strong>Te</strong></span> <span class='ocrx_word' id='word_1_197' title='bbox 451 4468 592 4543; x_wconf 86' lang='lat' dir='ltr'><strong>circum</strong></span> <span class='ocrx_word' id='word_1_198' title='bbox 610 4469 707 4543; x_wconf 84' lang='lat' dir='ltr'><strong>vidit</strong></span> <span class='ocrx_word' id='word_1_199' title='bbox 725 4467 915 4558; x_wconf 81' lang='lat' dir='ltr'><strong>Charites,</strong></span> <span class='ocrx_word' id='word_1_200' title='bbox 932 4468 1137 4563; x_wconf 79' lang='lat' dir='ltr'><strong>doctaeque</strong></span> <span class='ocrx_word' id='word_1_201' title='bbox 1155 4492 1299 4543; x_wconf 84' lang='lat' dir='ltr'><strong>sorores</strong></span> <span class='ocrx_word' id='word_1_202' title='bbox 1438 4511 1443 4531; x_wconf 77' lang='lat'><em>‹</em></span> 
     </span>
     <span class='ocr_line' id='line_1_33' title="bbox 382 4572 1313 4674; baseline 0 -23"><span class='ocrx_word' id='word_1_203' title='bbox 382 4576 560 4651; x_wconf 88' lang='lat' dir='ltr'><strong>Mollibus</strong></span> <span class='ocrx_word' id='word_1_204' title='bbox 578 4586 729 4651; x_wconf 88' lang='lat' dir='ltr'><strong>ornatas</strong></span> <span class='ocrx_word' id='word_1_205' title='bbox 748 4574 877 4666; x_wconf 90' lang='lat' dir='ltr'><strong>sertis,</strong></span> <span class='ocrx_word' id='word_1_206' title='bbox 895 4574 1114 4674; x_wconf 84' lang='lat' dir='ltr'><strong>palmasque</strong></span> <span class='ocrx_word' id='word_1_207' title='bbox 1132 4572 1313 4671; x_wconf 75' lang='lat' dir='ltr'><strong>ferentes,</strong></span> 
     </span>
     <span class='ocr_line' id='line_1_34' title="bbox 379 4680 1360 4783; baseline -0.002 -24"><span class='ocrx_word' id='word_1_208' title='bbox 379 4683 485 4775; x_wconf 84' lang='lat' dir='ltr'><strong>Quae</strong></span> <span class='ocrx_word' id='word_1_209' title='bbox 503 4695 540 4758; x_wconf 91' lang='lat' dir='ltr'><strong>te</strong></span> <span class='ocrx_word' id='word_1_210' title='bbox 559 4684 779 4762; x_wconf 89' lang='lat' dir='ltr'><strong>muneribus</strong></span> <span class='ocrx_word' id='word_1_211' title='bbox 797 4680 987 4772; x_wconf 79' lang='lat' dir='ltr'><strong>ditabant,</strong></span> <span class='ocrx_word' id='word_1_212' title='bbox 1004 4681 1195 4783; x_wconf 79' lang='lat' dir='ltr'><strong>longaque</strong></span> <span class='ocrx_word' id='word_1_213' title='bbox 1213 4692 1360 4758; x_wconf 85' lang='lat' dir='ltr'><strong>vestrae</strong></span> 
     </span>
     <span class='ocr_line' id='line_1_35' title="bbox 381 4788 1292 4892; baseline -0.004 -25"><span class='ocrx_word' id='word_1_214' title='bbox 381 4793 566 4892; x_wconf 87' lang='lat' dir='ltr'><strong>Tempora</strong></span> <span class='ocrx_word' id='word_1_215' title='bbox 583 4788 736 4865; x_wconf 85' lang='lat' dir='ltr'><strong>fatidico</strong></span> <span class='ocrx_word' id='word_1_216' title='bbox 754 4792 980 4865; x_wconf 83' lang='lat' dir='ltr'><strong>resonabant</strong></span> <span class='ocrx_word' id='word_1_217' title='bbox 998 4788 1161 4864; x_wconf 86' lang='lat' dir='ltr'><strong>carmine</strong></span> <span class='ocrx_word' id='word_1_218' title='bbox 1178 4789 1292 4863; x_wconf 89' lang='lat' dir='ltr'><strong>vitae.</strong></span> 
     </span>
     <span class='ocr_line' id='line_1_36' title="bbox 383 4896 1503 4998; baseline -0.004 -24"><span class='ocrx_word' id='word_1_219' title='bbox 383 4899 415 4974; x_wconf 92' lang='grc' dir='ltr'>Ο</span> <span class='ocrx_word' id='word_1_220' title='bbox 434 4923 548 4994; x_wconf 91' lang='lat' dir='ltr'><strong>quam</strong></span> <span class='ocrx_word' id='word_1_221' title='bbox 565 4897 725 4998; x_wconf 83' lang='lat' dir='ltr'><strong>pulchra</strong></span> <span class='ocrx_word' id='word_1_222' title='bbox 741 4896 835 4986; x_wconf 84' lang='lat' dir='ltr'><strong>suit,</strong></span> <span class='ocrx_word' id='word_1_223' title='bbox 852 4921 967 4993; x_wconf 86' lang='lat' dir='ltr'><strong>quam</strong></span> <span class='ocrx_word' id='word_1_224' title='bbox 986 4896 1089 4973; x_wconf 88' lang='lat' dir='ltr'><strong>coelo</strong></span> <span class='ocrx_word' id='word_1_225' title='bbox 1108 4896 1202 4971; x_wconf 84' lang='lat' dir='ltr'><strong>haec</strong></span> <span class='ocrx_word' id='word_1_226' title='bbox 1219 4906 1331 4997; x_wconf 84' lang='lat' dir='ltr'><strong>grata</strong></span> <span class='ocrx_word' id='word_1_227' title='bbox 1347 4896 1503 4971; x_wconf 77' lang='lat' dir='ltr'><strong>sororia!</strong></span> 
     </span>
     <span class='ocr_line' id='line_1_37' title="bbox 357 5002 1399 5106; baseline -0.005 -24"><span class='ocrx_word' id='word_1_228' title='bbox 357 5009 359 5014; x_wconf 81' lang='grc'><strong>’</strong></span> <span class='ocrx_word' id='word_1_229' title='bbox 382 5005 464 5082; x_wconf 89' lang='lat' dir='ltr'><strong>Illio</strong></span> <span class='ocrx_word' id='word_1_230' title='bbox 483 5006 594 5082; x_wconf 89' lang='lat' dir='ltr'><strong>ardor</strong></span> <span class='ocrx_word' id='word_1_231' title='bbox 611 5017 692 5082; x_wconf 89' lang='lat' dir='ltr'><strong>erat</strong></span> <span class='ocrx_word' id='word_1_232' title='bbox 709 5029 908 5106; x_wconf 86' lang='lat' dir='ltr'><strong>superum,</strong></span> <span class='ocrx_word' id='word_1_233' title='bbox 925 5002 1191 5102; x_wconf 86' lang='lat' dir='ltr'><strong>probitasque,</strong></span> <span class='ocrx_word' id='word_1_234' title='bbox 1208 5002 1399 5099; x_wconf 83' lang='lat' dir='ltr'><strong>fidesque,</strong></span> 
     </span>
    </p>
   </div>
   <div class='ocr_carea' id='block_1_9' title="bbox 0 0 2067 6000">
    <p class='ocr_par' dir='ltr' id='par_1_14' title="bbox 0 0 2067 6000">
     <span class='ocr_line' id='line_1_38' title="bbox 0 0 2067 6000; baseline 0 0"><span class='ocrx_word' id='word_1_235' title='bbox 0 0 2067 6000; x_wconf 95' lang='lat' dir='ltr'><strong> </strong></span> 
     </span>
    </p>
   </div>
  </div>
 </body>
</html>
