4084 6000
919 613 995 689 123

378 830 454 923 Qui
471 828 562 923 tibi,
579 827 762 903 militibus
780 851 855 901 non
873 824 996 902 fervet
1012 838 1160 926 pectore
1181 831 1357 930 sanguis3

482 935 560 1028 Qui
575 948 613 1012 te
630 961 706 1010 non
722 934 822 1010 idem
839 933 1028 1031 quoslibet
1046 935 1124 1009 urit
1142 961 1258 1012 amor.

377 1043 531 1137 Desine,
549 1047 641 1119 mim
658 1067 812 1135 moneo,
829 1042 939 1138 siqua
954 1053 1011 1116 est
1027 1041 1100 1118 tibi
1118 1067 1209 1118 cura
1226 1043 1377 1119 salutis:

482 1150 583 1243 Quid
601 1150 633 1224 si
651 1151 757 1225 miles
775 1149 847 1224 erit
864 1149 1033 1249 proditor
1051 1150 1130 1249 ipse
1148 1151 1287 1226 ducis‘l

378 1260 440 1336 Nil
457 1283 541 1360 ago.
561 1257 669 1334 Nunc
687 1256 880 1358 precibus,
898 1256 1052 1332 monitis
1069 1283 1169 1332 nuuc
1187 1257 1336 1334 acribus
1354 1258 1487 1336 instat:

482 1366 531 1442 Et
547 1363 691 1466 patriae
709 1376 748 1440 et
764 1364 864 1466 regis
882 1363 1034 1438 nomina
1052 1376 1181 1440 sancta
1198 1391 1348 1442 vocans.

350 1546 357 1552 .
378 1475 451 1552 Sed
467 1473 608 1549 frustra
625 1472 812 1574 geminat:
831 1469 995 1572 „patriai
1014 1480 1053 1546 et
1069 1496 1140 1550 rex
1148 1472 1180 1546 l“
1199 1473 1351 1550 uomina
1369 1485 1507 1570 sancte.

340 1665 345 1673 ,
482 1582 670 1656 Hauserat
687 1580 849 1680 ignavus
867 1589 1021 1680 pectora
1039 1589 1176 1656 cuneta
1192 1605 1321 1680 pavor.

379 1688 454 1765 Nec
473 1687 661 1790 trepidare
679 1697 739 1762 sat
755 1697 831 1763 est:
848 1687 987 1762 summi
1005 1712 1155 1784 quoque
1174 1713 1347 1788 spernere
1364 1689 1472 1766 miles

482 1797 577 1872 Cum
595 1794 748 1870 monitis
766 1797 879 1870 audet
896 1794 998 1871 iussa
1015 1820 1146 1872 severa
1164 1795 1282 1876 ducis.

378 1902 478 1995 Quin
495 1902 614 2004 rapit,
632 1913 671 1978 et
687 1901 861 1978 manibus
878 1901 1038 2002 pedibus
1057 1927 1207 2000 quoque
1225 1903 1376 1980 vincula
1395 1903 1522 2004 plectit

480 2008 675 2101 Perfidus,
692 2020 731 2094 et
746 2009 863 2106 tradit
879 2021 972 2084 trux
992 2009 1205 2086 Solimanne
1223 2010 1303 2088 tibi.

378 2117 480 2195 Proh
498 2116 636 2193 scelusl
655 2126 696 2192 at
712 2115 834 2193 virtus
853 2115 921 2192 tali
939 2118 1109 2193 mercede
1126 2121 1272 2194 beanda
1289 2121 1375 2194 est?

482 2223 631 2320 Quique
648 2221 753 2300 nefas
769 2234 920 2300 tantum
937 2224 1122 2317 vindicet,
1142 2226 1243 2301 ullus
1262 2226 1363 2301 erit?

377 2332 460 2410 Non
477 2331 588 2425 tulit,
608 2330 772 2408 hircanis
789 2330 963 2428 quamvis
982 2332 1172 2407 crudelior
1189 2333 1307 2427 ursis,

481 2441 670 2516 Barbarus
687 2439 780 2514 haec
799 2438 906 2514 siccis
924 2437 1026 2514 sacta
1043 2437 1204 2515 nefanda
1221 2440 1341 2541 genis.
1424 2491 1426 2498 .

378 2547 494 2624 Vive!
513 2547 602 2622 licet
619 2544 735 2622 fueris
753 2571 921 2623 summus
939 2545 1151 2623 Nadasdius
1169 2547 1288 2624 hostis

483 2653 638 2747 Noster,
657 2654 712 2728 ait
730 2653 916 2746 Soliman,
934 2653 984 2728 sis
1002 2679 1172 2751 quoque:
1191 2654 1279 2730 vive
1296 2653 1441 2733 tamen!

378 2761 580 2859 Quamque
598 2771 713 2862 negat
730 2760 851 2836 vitam
869 2761 1055 2836 sociorum
1073 2760 1217 2862 perfida
1234 2765 1367 2860 turba,

485 2870 596 2945 Illam
615 2870 660 2944 de
678 2879 826 2961 nostra,
843 2870 926 2943 dux
942 2871 1061 2961 boue,
1081 2895 1186 2944 sume
1204 2895 1330 2945 manu.
1377 2891 1378 2898 ’

378 2978 525 3056 Emicat
543 3003 563 3051 e
580 2987 706 3053 vestro
724 3001 822 3073 quae
839 2975 962 3052 virtus
981 2987 1152 3077 pectore3
1170 2980 1292 3053 virtus

483 3086 539 3162 Sit
555 3110 707 3185 precor,
725 3110 747 3158 o
765 3085 925 3161 ducibus
942 3095 1093 3185 tempus
1112 3084 1152 3160 in
1169 3110 1279 3161 omne
1299 3085 1411 3162 meisl

379 3193 480 3286 Quid
496 3217 607 3294 rege,
625 3203 665 3267 et
681 3191 803 3294 patria
821 3191 871 3268 sit
888 3191 1033 3269 cunctis
1051 3191 1206 3268 carius?
1224 3192 1300 3268 illis

484 3300 639 3397 Siquam
657 3299 810 3393 iurasti,
828 3299 900 3375 rite
917 3310 1043 3376 teneto
1061 3299 1187 3377 fidem.

377 3408 557 3485 Hostibus
575 3407 768 3484 indomitis
786 3406 910 3483 virtus
927 3408 1022 3483 haee
1039 3408 1201 3509 pulchra
1217 3411 1423 3508 probatur,

483 3515 610 3612 thue
628 3513 734 3591 vides
753 3515 866 3591 Turci
884 3540 1001 3593 saxea
1019 3518 1133 3592 corda
1151 3511 1288 3593 movet.

377 3623 469 3701 Mox
487 3620 581 3697 furit
598 3621 654 3715 is,
671 3620 837 3721 fideique
855 3625 967 3699 datae
984 3648 1079 3720 quos
1098 3649 1190 3700 eura
1206 3623 1377 3721 reliquit:

483 3728 663 3830 Indignos
681 3730 782 3825 vita,
801 3731 947 3807 caedito
966 3730 1095 3825 miles,
1113 3731 1176 3807 ait.

378 3837 455 3914 Nec
472 3862 596 3913 mora:
615 3862 683 3937 pro
701 3838 825 3938 patria
842 3849 1015 3915 metuunt
1034 3838 1100 3937 qui
1118 3863 1255 3940 ponere
1273 3836 1414 3931 vitam,

482 3943 669 4022 Perfidiae
685 3944 840 4023 illorum
855 3945 1013 4023 victima
1031 3946 1112 4022 vita
1129 3946 1243 4023 cadit.
