4084 6000
926 683 999 760 195

855 801 1065 809 ...n-‹—

330 897 405 974 Nec
423 897 535 973 liceat
553 897 670 998 patris
688 897 829 997 Arpadi
849 922 953 972 sacra
970 900 1088 972 verba
1104 896 1277 997 profari?

331 1005 501 1102 Denique
520 1017 557 1080 te
574 1004 796 1106 prohibente
813 1006 942 1079 volens
960 1031 1037 1080 non
1054 1006 1252 1104 hungarus
1270 1005 1349 1103 ipse

330 1113 536 1212 Hungarus
555 1138 634 1187 esse
652 1114 797 1209 queat?
817 1111 917 1186 Num
934 1123 972 1186 te
990 1112 1156 1186 ductrice
1175 1114 1304 1193 beatas
1344 1174 1347 1178 1

331 1220 510 1296 Vindicat
529 1220 598 1294 has
616 1224 807 1316 quondam
825 1219 897 1293 sibi
915 1229 1033 1294 terras
1052 1219 1218 1295 hunnica
1229 1215 1386 1296 virtus?

333 1327 489 1423 Hacque
508 1338 616 1402 tenus
634 1328 760 1426 potuit
778 1329 958 1401 servare‘l
978 1336 1045 1401 aut
1062 1326 1144 1400 iure
1160 1329 1315 1402 vocabis

332 1433 381 1509 Os
399 1434 536 1508 latium
555 1435 651 1509 mihi
669 1434 922 1510 conveniens?
941 1434 1002 1509 Me
1020 1434 1138 1534 partis
1156 1434 1256 1509 ane

333 1541 426 1617 Toto
445 1541 633 1616 diversam
650 1541 783 1643 genuit
799 1542 915 1640 plaga
933 1542 1070 1634 sidere,
1088 1541 1288 1637 cultusque
1328 1597 1331 1602 -

332 1647 516 1723 Attribuit
533 1649 640 1724 nobis
659 1646 845 1748 proprios,
863 1673 931 1724 nec
948 1648 1074 1722 laudis
1092 1673 1229 1750 egenos

333 1755 502 1847 Vestrae,
521 1781 588 1830 nec
605 1757 742 1842 vestris
761 1757 910 1854 opibus,
932 1781 997 1830 nec
1017 1767 1114 1829 sorte
1132 1758 1306 1831 beandos

334 1863 383 1938 At
401 1875 445 1937 tu
463 1863 588 1959 siquid
606 1863 733 1955 habes,
751 1866 853 1960 quod
870 1863 999 1955 iactes,
1017 1863 1154 1937 Dorica
1171 1863 1283 1937 tellus

335 1969 516 2063 Protulit,
534 1981 571 2044 et
588 1969 722 2044 furtim
740 1969 947 2069 penetralia
964 1970 1093 2044 vestra
1111 1969 1296 2046 subivi-t.“.

438 2076 542 2178 Ergo
561 2078 651 2152 satis
671 2103 746 2152 non
765 2088 821 2152 est
839 2077 977 2178 depelli
995 2081 1083 2151 sede
1099 2087 1270 2169 vetusta,

334 2183 486 2258 Iuribus
513 2183 677 2280 antiquis
696 2185 842 2276 nudari,
861 2197 899 2258 et
915 2185 1087 2260 honore‘?
1107 2195 1284 2283 proterva

339 2291 477 2366 Fr'onte
496 2291 633 2383 insonS,
652 2291 868 2396 linguisque
886 2297 992 2390 petor
1010 2292 1270 2367 mordacibus:
1288 2293 1381 2366 haec
1400 2305 1487 2367 sunt

338 2398 512 2473 Praemia
530 2424 597 2498 pro
616 2398 730 2472 tantis
749 2398 915 2490 meritiS,
934 2399 1027 2472 haec
1046 2399 1206 2494 denique
1224 2400 1382 2474 merces!

337 2505 434 2580 Cedo
454 2506 640 2601 equidem,
659 2506 751 2580 sorti
770 2531 844 2579 non
863 2505 972 2596 huic,
991 2505 1155 2601 fatisque
1172 2530 1398 2607 repugnans.

288 2705 291 2712 y
339 2609 414 2686 Nec
432 2622 558 2687 tamen
576 2613 658 2711 ipsa
675 2635 778 2685 meas
797 2612 850 2686 sic
867 2615 973 2686 dotes
992 2637 1117 2703 nosco,
1135 2636 1261 2686 carere

339 2717 410 2792 His
428 2729 471 2792 ut
488 2744 697 2819 posserear
713 2720 893 2818 populos:
913 2744 988 2792 non
1005 2718 1163 2793 Hunnia
1179 2719 1287 2794 nobis
1413 2741 1418 2744 ·

339 2823 378 2900 Si
396 2825 505 2926 sapit,
524 2830 707 2902 obtrectet
724 2825 893 2925 penitus:
913 2849 989 2920 qua
1008 2824 1145 2901 cultior
1161 2836 1288 2900 exstat
1400 2844 1403 2847 ·

338 2934 431 3009 Pars
449 2933 647 3009 hominum
665 2944 794 3007 nostro
813 2933 954 3015 laetata
971 2942 1029 3008 est
1046 2933 1200 3008 numine
1219 2958 1374 3035 semper.

340 3039 400 3116 Sic
420 3042 513 3116 coeli
532 3052 568 3116 et
585 3053 708 3116 terrae
725 3040 850 3140 potuit
867 3050 1060 3140 penetrare
1078 3064 1244 3115 recessus

340 3148 520 3242 Arcanm,
539 3149 711 3249 propriae
729 3166 884 3221 veneres
902 3148 955 3221 sic
973 3150 1111 3223 addere
1129 3148 1301 3249 linguae,
1352 3163 1356 3180 ¹

340 3257 619 3351 Aeternumque
637 3258 751 3330 decus
768 3252 908 3347 famae,
925 3255 1152 3351 laudemque
1170 3258 1319 3331 mereri,

341 3362 504 3462 Tempus
523 3364 595 3437 erit
612 3363 771 3464 pariter,
791 3386 869 3457 quo
885 3374 1032 3437 nostras
1049 3361 1205 3437 Hunnia
1221 3388 1351 3439 rursus

340 3469 500 3545 Divitias
518 3481 631 3571 petet,
650 3494 692 3544 ac
710 3470 897 3568 precibus,
914 3470 1109 3567 pretioque
1127 3470 1268 3569 peritos

344 3577 547 3674 Conquiret
564 3578 693 3669 nostri,
712 3577 844 3674 plexas
862 3578 1037 3651 evolvere
1055 3599 1229 3678 pugnans

343 3681 536 3759 Nodorum
554 3687 750 3783 ambageS,
769 3694 807 3758 et
824 3683 973 3757 condita
991 3686 1090 3758 dona
1106 3684 1308 3759 Minervae.

343 3791 494 3865 Floreat
513 3791 676 3884 interea,
693 3814 844 3891 precor:
863 3790 961 3865 inter
977 3815 1086 3890 saepe
1105 3792 1250 3864 dolores
1410 3776 1414 3794 '

344 3898 565 3997 Despectus,
584 3899 679 3973 soles
696 3897 849 3990 viduos,
867 3898 1097 3992 tacitamque
1115 3909 1300 3974 senectam

346 4005 493 4082 Gaudia
511 4030 586 4080 non
604 4008 762 4081 deerunt
780 4004 908 4097 nobis,
926 4014 964 4078 et
982 4004 1129 4077 conscia
1146 4029 1267 4096 mens,
1284 4030 1344 4077 me

343 4111 487 4212 Arpadi
503 4122 656 4213 gentem
674 4112 803 4187 saeclis
820 4112 879 4200 bis
897 4110 1064 4207 quinque
1081 4114 1221 4186 beasse.
1240 4143 1243 4147 ·
