4084 6000
982 577 1030 650 17

1008 693 1016 700 =
1033 692 1111 700 --—-

636 1001 754 1086 llcn
781 1000 904 1084 artlun
922 1007 967 1084 ct
994 1000 1209 1084 scientiarum
1237 1001 1362 1088 lactor.

425 1218 620 1296 Finiturus
639 1247 762 1313 eram,
781 1219 913 1320 positis
931 1221 977 1294 de
997 1245 1103 1294 more
1120 1217 1290 1312 tabellis,

531 1327 626 1402 Cum
644 1354 772 1420 mare,
791 1329 893 1423 quod
911 1339 1074 1423 nequeat
1094 1331 1235 1428 cymba
1254 1353 1398 1421 secare,
1418 1341 1531 1428 patet.

426 1434 528 1525 Quin
546 1435 649 1534 agis,
667 1434 866 1510 admonuit
883 1434 1087 1526 Phoebus,
1101 1435 1173 1508 nisi
1191 1436 1346 1510 numina
1365 1448 1492 1512 nostra

532 1543 700 1637 Totaque
718 1567 914 1618 musarum
933 1543 1081 1616 laedere
1102 1554 1223 1617 castra
1241 1543 1347 1617 velis

428 1651 485 1723 An
503 1675 578 1722 non
600 1649 868 1724 Francisco
886 1648 1027 1747 primos
1046 1651 1226 1723 debemus
1246 1650 1404 1724 honores

534 1757 701 1832 Illustres
720 1768 890 1848 mecum,
908 1758 1024 1830 turba
1041 1781 1209 1852 novena,
1228 1758 1350 1832 deaei

427 1863 476 1938 Et
494 1875 655 1961 cognata
673 1863 770 1937 mihi
789 1858 865 1938 uon
882 1887 992 1936 curas
1010 1863 1190 1955 numina,
1207 1888 1325 1960 prono

534 1971 615 2046 Stat
633 1969 773 2066 quibus
791 1969 939 2043 illius
958 1973 1103 2069 grande
1122 1968 1252 2044 favore
1271 1972 1414 2046 decus‘l

427 2077 593 2176 Aspicis,
612 2089 656 2151 ut
674 2088 795 2169 terra,
815 2075 959 2155 Cereris
977 2102 1046 2174 per
1064 2103 1203 2176 regna,
1223 2075 1345 2152 feraoe

532 2184 737 2283 Multiplici
756 2209 865 2258 curas
884 2181 1036 2259 foenore
1056 2185 1178 2258 solvat
1197 2186 1321 2284 ager?
1409 2237 1413 2246 ι

427 2292 586 2392 Largior
602 2302 646 2366 ut
664 2290 838 2366 Bromius
857 2289 992 2366 fundat
1011 2316 1079 2364 sua
1098 2293 1286 2366 munera?
1306 2317 1461 2389 nempe,

531 2397 767 2489 Nonminus
778 2423 821 2472 ac
839 2397 963 2473 Cereri
982 2421 1062 2496 pax
1079 2398 1174 2494 tibi,
1190 2398 1357 2490 Bacche,
1376 2397 1490 2472 favet.

428 2507 590 2581 Miratur
607 2505 805 2606 Corydon,
823 2506 870 2578 de
888 2505 1099 2604 pinguibus
1117 2506 1216 2578 unde
1235 2505 1388 2604 capellis

534 2612 660 2689 Serica
678 2636 746 2710 pro
765 2612 860 2686 duro
879 2612 1018 2686 vellere
1038 2613 1125 2686 lana
1146 2613 1266 2686 cadat.

428 2721 567 2796 Albeut
584 2719 756 2819 ingentes
774 2743 842 2816 per
859 2743 999 2816 pascua
1017 2719 1148 2792 mollia
1167 2718 1296 2810 tauri,

535 2825 709 2910 Nobilior
726 2825 845 2923 pratis
864 2826 1075 2924 grandibus
1095 2824 1224 2904 hinnit
1243 2848 1372 2920 equus.

430 2934 581 3010 Scilicet
600 2933 700 3007 alma
717 2933 848 3023 Pales,
868 2931 1107 3033 quia-gentes
1128 2931 1205 3005 otia
1224 2941 1400 3030 captant,

533 3038 752 3141 Ingreditur
770 3039 919 3137 placido
939 3039 1038 3113 laeta
1056 3064 1123 3138 per
1142 3064 1234 3113 arva
1253 3041 1389 3139 gradu.

416 3148 478 3229 ,Et
496 3148 670 3246 Neptune
687 3146 759 3221 tibi
778 3146 909 3247 magni
927 3148 1173 3221 cumulantur
1191 3146 1372 3238 honoreS,

534 3252 636 3330 Dum
653 3254 791 3328 celerat
809 3278 924 3327 naves
942 3280 1010 3353 per
1028 3264 1095 3327 tua
1113 3278 1231 3353 regna
1249 3278 1380 3351 vapor.

429 3360 506 3436 Nec
526 3387 601 3438 sua
611 3363 802 3444 Pomonae
818 3372 857 3435 et
876 3360 1037 3437 Silvano-
1048 3386 1154 3451 sacra
1171 3372 1381 3460 negantum

536 3461 757 3546 Muneribus
775 3468 907 3543 Florae
926 3468 1055 3569 gratia
1072 3467 1192 3545 maior
1211 3469 1319 3559 inest.

432 3576 534 3667 Quid
551 3600 756 3650 memorem
773 3575 904 3649 multis
923 3578 1055 3649 ductas
1074 3577 1122 3649 ad
1140 3573 1262 3647 sidera
1279 3574 1395 3647 moles

536 3681 738 3783 Impensis,
757 3680 886 3755 faciles
905 3706 998 3755 saxa
1016 3707 1083 3780 per
1101 3683 1178 3755 alta
1198 3681 1309 3756 vias‘?

434 3791 559 3865 Pallas
571 3815 669 3875 cura
685 3814 771 3864 mea
788 3800 844 3863 est
861 3799 899 3863 et
917 3792 1048 3863 doctae
1067 3788 1231 3864 Palladis
1251 3799 1365 3878 artes,

541 3896 692 3988 Scilicet
709 3896 800 3969 hino
818 3899 975 3995 populos
995 3897 1191 3971 commoda
1210 3896 1367 3989 lausque
1386 3907 1549 3969 manent.

434 4006 484 4080 At
503 4015 667 4100 quantus
684 4014 752 4077 tua
769 4004 910 4102 templa
928 4003 1052 4093 subit,
1071 4002 1260 4095 Tritonia,
1280 4000 1425 4075 coetus!

539 4112 651 4187 Hunc
670 4110 774 4202 dicas
791 4110 927 4185 me'rito
947 4111 1029 4207 spes
1049 4133 1223 4208 superare
1242 4118 1337 4181 tuas.

434 4220 539 4294 Mille
557 4218 680 4306 modis
698 4216 894 4315 operisque
913 4218 1057 4308 calent,
1076 4214 1318 4311 studiumque
1337 4214 1495 4289 recentis

541 4325 674 4401 Cultus
690 4335 728 4399 et
744 4324 884 4412 ueteris
900 4337 1052 4422 pectora
1070 4324 1173 4398 mille
1191 4334 1304 4399 tenet.

437 4433 556 4508 Vivos
568 4432 615 4524 ,in
631 4432 761 4507 vultus
778 4429 842 4506 hic
859 4456 1048 4506 marmora
1066 4441 1190 4505 mutat
1207 4442 1245 4504 et
1262 4454 1367 4520 aera,

516 4537 520 4545 ’
542 4540 595 4616 Ut
612 4537 773 4638 spirare,
789 4538 895 4633 loqui
913 4564 1102 4626 marmora
1120 4548 1158 4613 et
1177 4562 1263 4611 aera
1280 4547 1398 4635 putes.

437 4647 511 4722 Hic
528 4648 644 4722 miros
660 4642 801 4720 tabulis
820 4638 966 4721 inducit
983 4648 1032 4719 ab
1051 4656 1130 4719 arte
1149 4644 1309 4734 colores,

542 4754 762 4844 Essesuam·
777 4750 877 4825 iuret
894 4752 1037 4834 Zeuxis
1054 4764 1099 4827 ut
1116 4751 1194 4850 ipse
1213 4776 1378 4825 manum.
1393 4753 1398 4761 '

439 4861 514 4937 Nee
532 4863 687 4952 desunt,
705 4882 798 4955 quos
816 4860 927 4933 docta
944 4870 1098 4933 movent
1115 4868 1313 4957 praecepta
1330 4856 1520 4949 PlatoniS,

543 4967 675 5043 Multis
692 4962 860 5085 Euclidis
878 4990 968 5040 cura
985 4966 1166 5060 laborque
1183 4964 1340 5063 placent.
1401 5070 1423 5141 2
