4084 6000
1065 579 1114 654 64

511 791 594 868 Non
612 790 719 866 labor
736 788 826 864 huic
845 787 959 865 fuerit
976 804 1136 866 maestos
1155 817 1319 868 recreare
1338 806 1512 893 penates:

617 897 768 972 Scilicet
786 899 981 972 adsvetum
1001 925 1074 972 non
1094 900 1191 973 male
1212 899 1331 976 fertur
1350 927 1453 977 onus.

512 1006 585 1079 Per
603 1004 770 1078 salubres
789 1004 909 1097 rivoS‚
927 1029 995 1103 per
1012 1007 1152 1104 pabula
1170 1031 1276 1081 sacra
1292 1007 1442 1106 fidelem

616 1112 735 1186 Dulce
752 1122 880 1184 manet
897 1132 1044 1209 semper
1060 1114 1217 1205 ducere,
1235 1126 1279 1188 ut
1296 1127 1404 1208 ante,
1423 1143 1592 1218 gregem.

511 1217 682 1294 Consiliis
702 1216 833 1292 fulcire
851 1219 959 1292 bonis
978 1221 1188 1314 dextraque
1208 1221 1391 1320 benigna,

616 1325 751 1420 Siquos
768 1324 1136 1423 pauperiessorsque
1153 1326 1476 1426 sinistrapremit,

511 1432 675 1506 Deliciae
694 1429 844 1505 fuerant
862 1431 937 1507 illi:
957 1434 1092 1506 decora
1109 1433 1182 1530 ista
1200 1430 1394 1527 fatiscent,

615 1539 716 1613 Dum
734 1537 877 1636 meritis
895 1564 1079 1638 magnum
1097 1539 1291 1638 pulchrior
1308 1542 1427 1616 ambit
1448 1543 1595 1618 honos?

511 1648 560 1720 At
578 1645 692 1719 radiis
710 1643 822 1718 Titan
841 1644 972 1720 rutilat
991 1643 1188 1720 formosior
1205 1647 1360 1746 amplis,
1608 1659 1610 1666 '

615 1749 799 1851 Igniferos
817 1751 964 1846 quoties
979 1751 1093 1835 altior
1110 1753 1222 1851 urget
1240 1780 1367 1850 equos.

509 1859 559 1934 Et
576 1883 660 1932 rosa
677 1858 876 1934 mellifluos
893 1858 1019 1956 potior
1037 1858 1216 1934 diffundit
1234 1863 1386 1952 odores,
1522 1927 1525 1934 .

616 1965 699 2056 Quo
718 1963 841 2063 magis
858 1964 1249 2065 ambrosiosexplicat
1267 1969 1332 2042 illa
1349 1967 1463 2042 sinus.
1552 1991 1554 1995 ·

510 2071 654 2147 Tantus
672 2096 797 2162 amor,
814 2073 983 2169 praesul,
1002 2085 1059 2162 tot
1079 2084 1115 2146 te
1134 2097 1215 2171 spes
1239 2074 1406 2170 undiquc
1425 2074 1587 2174 stipant,
1694 2167 1695 2182 χ

614 2179 718 2253 Haec
736 2176 835 2252 inter
851 2179 976 2252 medio
994 2178 1087 2273 quid
1106 2179 1176 2254 tibi
1195 2181 1329 2254 mentis
1347 2181 1481 2256 inest‘?¹
1576 2257 1578 2260 .

509 2284 608 2387 Fixa
625 2285 720 2384 polis
738 2284 857 2383 pietas
875 2297 913 2360 et
930 2298 1060 2383 pectus
1079 2287 1231 2360 numine
1249 2288 1442 2386 plenum,

614 2391 714 2466 Num
733 2416 844 2489 super
862 2391 1037 2490 imposito
1054 2395 1217 2490 pondere
1235 2419 1361 2492 pressa
1378 2395 1540 2471 labanti·

510 2496 609 2590 Quin
629 2508 757 2572 manet
775 2511 813 2574 et
830 2510 961 2572 contra
971 2497 1040 2596 pia
1059 2525 1162 2574 mens
1183 2501 1379 2575 audentior
1396 2501 1530 2578 instat:

616 2604 676 2679 Sic
693 2604 810 2704 grave
829 2603 995 2678 devincit
1011 2606 1158 2704 palma,
1176 2610 1279 2702 quod
1297 2620 1430 2708 urget,
1449 2635 1555 2684 onus

510 2709 577 2804 Est
594 2710 683 2803 tibi,
701 2709 823 2805 sitque
841 2735 990 2809 precor,
1009 2713 1149 2786 maturi
1169 2713 1290 2806 fertile
1308 2728 1436 2812 pectus
1583 2714 1586 2718 ’

614 2816 788 2909 Consilii,
805 2831 862 2892 est
879 2814 998 2892 multa
1014 2843 1083 2894 ‘cor
1100 2820 1237 2918 pietate
1256 2823 1400 2917 calene;

511 2923 578 3014 Est
594 2923 729 2998 studiis
746 2924 901 3016 exculta
918 2923 1026 3001 bonis
1045 2926 1252 3026 opibusque
1272 2929 1462 3005 Minervae

614 3032 780 3106 Felixet
797 3031 939 3131 patriae
957 3058 1061 3114 mens
1080 3038 1174 3110 bene
1193 3048 1282 3110 ncta
1296 3048 1399 3131 tuae.

485 3208 488 3214 .
509 3138 610 3230 Quid
629 3150 696 3214 tua
713 3164 788 3213 non
805 3139 955 3231 valeat,
970 3141 1140 3238 praesul,
1158 3140 1365 3217 facundia?
1384 3143 1524 3231 victua,

613 3244 718 3335 Quae
737 3245 847 3321 toties
864 3244 1040 3337 iuvaret,
1053 3272 1151 3341 quae
1168 3249 1362 3344 tenuitque
1380 3276 1504 3347 senes,

512 3352 623 3427 Curio
643 3352 720 3426 sive
739 3376 998 3426 sacerreseras
1015 3355 1143 3427 orcula
1162 3355 1312 3447 divum,

614 3458 701 3533 Sive
719 3469 824 3532 catus
842 3460 971 3533 doctor
988 3460 1135 3558 pulpita
1153 3463 1380 3555 doctatcris

509 3564 817 3664 Oquotiesrecti
835 3568 881 3639 de
900 3567 1051 3662 tramite
1070 3568 1221 3659 device,
1240 3594 1404 3664 aequam

610 3670 782 3747 ‘Mutatus
800 3672 922 3747 doluit
940 3673 1144 3751 deseruisse
1162 3675 1284 3749 viam!

510 3777 542 3853 Ο
561 3778 707 3873 quoties
725 3779 870 3870 virtus,
887 3804 1002 3873 quam
1020 3774 1172 3855 ornaras
1191 3807 1254 3856 ore
1273 3782 1412 3857 diserto
1424 3822 1438 3877 ,·

614 3886 752 3963 Gavisa
770 3897 825 3960 est
843 3885 956 3960 rediis
974 3911 1011 3959 se
1030 3886 1189 3962 renitere
1207 3888 1345 3963 novis?
1376 3936 1378 3940 v

508 3993 611 4068 Haec
629 4004 695 4068 tna
712 3994 814 4100 lane,
832 3994 1001 4092 praesul,
1021 3994 1161 4092 patrias
1180 3995 1365 4070 celebrata
1384 4022 1450 4095 per
1467 4024 1550 4073 oras
1561 4040 1576 4092 ,·

613 4102 836 4192 Accumulat
851 4099 973 4175 titulis
991 4100 1108 4198 digna
1125 4113 1278 4200 tropaea
1294 4103 1380 4177 tuis,

510 4206 631 4281 Alba
649 4206 743 4279 mihi
762 4206 887 4297 testie,
904 4217 1017 4280 testes
1035 4206 1149 4300 Vel,
1166 4209 1198 4281 N
1207 4208 1409 4285 ittria'et
1427 4214 1537 4285 urbes

615 4312 836 4411 Oppidaque
855 4311 1003 4407 eloquio
1021 4316 1267 4389 condecorata
1285 4327 1363 4390 tuo.
1524 4323 1533 4339 '

508 4419 674 4515 Eloquar
682 4423 703 4494 ‘l
723 4445 771 4492 an
789 4418 948 4493 sileam‘l
968 4420 1070 4493 coelo
1090 4421 1320 4496 contermina
1337 4424 1460 4498 virtus
1591 4440 1592 4445 ’

613 4526 681 4600 Est
698 4538 786 4617 tua,
804 4550 919 4621 quam
938 4525 1064 4600 renuit
1082 4538 1209 4615 nostra
1226 4541 1348 4603 tacere
1367 4530 1511 4631 chelys,

508 4636 579 4726 At,
598 4658 694 4727 quae
713 4658 816 4708 mens
834 4632 896 4729 pia
914 4657 1022 4707 musa
1041 4633 1141 4708 tibi?
1162 4661 1234 4709 non
1254 4637 1432 4710 fiuctibus
1450 4647 1540 4737 apta
1558 4649 1634 4730 est,

614 4739 768 4834 Siquam
786 4737 996 4830 destituunt
1013 4765 1182 4841 congrua
1199 4744 1305 4833 vela,
1323 4743 1423 4817 ratis

510 4845 676 4921 Siccatae
693 4846 801 4921 toties
818 4846 1013 4937 lacrimae,
1032 4860 1257 4944 questusque
1277 4847 1401 4949 fugati

610 4954 717 5028 Hanc
736 4953 870 5028 melius
888 4965 1070 5054 peragent
1087 4956 1298 5050 damnaque
1316 4958 1421 5053 pulsa
1438 4958 1572 5033 vicem.
