4084 6000
947 667 1021 742 255

504 883 697 985 Exoptata
715 884 783 958 diu
801 882 928 983 eopia,
948 883 1040 955 dum
1058 891 1182 972 tenea,

504 994 651 1068 Reddat
669 992 698 1066 si
719 992 909 1065 miserum.
928 987 1067 1063 Montis
1085 995 1129 1061 ut
1146 1009 1306 1082 aequore

504 1101 640 1175 Fallax
659 1101 796 1173 umbra
813 1105 937 1171 natat:
957 1098 1102 1191 subque
1122 1092 1257 1193 opibus
1275 1092 1400 1169 brevis

503 1207 615 1282 Vitae
634 1215 690 1281 est
708 1209 845 1280 umbra
863 1202 985 1304 fugax
1003 1202 1153 1304 gaudii,
1172 1214 1211 1275 at
1229 1201 1324 1275 heul
1342 1201 1474 1301 procul

504 1314 601 1389 Hine
621 1314 765 1389 sincera
783 1322 956 1412 strepunt
974 1310 1134 1385 flumina
1152 1308 1295 1411 gaudii.

816 1533 1112 1546 t--n-n———esae--o-oae

824 1744 937 1825 (lde
957 1741 1138 1826 XXX.

673 1961 713 2032 Ia
731 1961 886 2050 elipando
904 1963 994 2032 ottae
1012 1963 1103 2032 stata
1118 1962 1297 2049 fluctuans.

347 2137 475 2250 buxia·
494 2197 587 2248 eura
605 2171 746 2271 premit
762 2179 913 2271 peetus:
933 2193 1009 2266 qua
1027 2173 1176 2246 flectere
1195 2173 1280 2246 vela

558 2279 766 2378 Expediet,
791 2278 935 2354 dubito.

346 2389 437 2465 Vita
454 2412 558 2463 mare
578 2397 654 2480 est,
673 2385 783 2479 novi,
808 2387 971 2485 scopulis
992 2385 1153 2479 infame,
1172 2395 1209 2461 et
1227 2385 1350 2484 avaris

557 2493 701 2569 Flebile
720 2519 829 2593 saepe
849 2494 968 2568 vadia.
1130 2498 1133 2503 ’
1399 2542 1406 2580 ,

350 2602 420 2680 Sed
439 2614 566 2678 tamen
587 2604 636 2676 ad
653 2613 804 2702 portum
823 2604 1102 2701 properandum
1122 2611 1190 2695 est,
1207 2601 1396 2703 naufraga
1415 2601 1562 2701 puppiS,

560 2709 692 2785 Sidera
710 2709 815 2783 nulla
836 2709 983 2801 videns,

348 2815 403 2890 Ne
422 2814 498 2890 fors
516 2816 728 2891 ludibrium
747 2815 869 2890 saevis
886 2816 1128 2912 aquilonibus
1147 2828 1255 2891 erret.

561 2924 734 2998 Praemia
752 2925 872 3013 multa
892 2923 1020 3016 labor,

350 3031 440 3126 His,
459 3030 526 3127 qui
545 3032 710 3130 supremi
728 3032 856 3106 devoti
875 3031 1041 3107 numinis
1060 3032 1135 3106 aris

560 3138 690 3214 Thura
709 3151 854 3214 saerata
873 3139 1001 3232 litant,
1058 3179 1061 3200 ·

350 3245 540 3347 Adparet,
559 3258 597 3320 et
615 3245 746 3346 primis
764 3247 870 3322 iubet
888 3245 1071 3346 effulgere
1090 3246 1307 3348 quadrigis3

562 3354 687 3447 Cruor,
705 3353 839 3448 mitra,
859 3377 1021 3450 eumque
1041 3356 1138 3453 pedo

351 3460 524 3563 Ingentes
541 3460 666 3555 tituli,
684 3471 721 3536 et
738 3458 912 3537 fortunae
931 3462 1093 3563 grandia
1111 3464 1210 3536 dona

564 3570 649 3644 Iure
667 3571 814 3668 plaeere
834 3570 965 3645 solent.

353 3675 402 3752 At
419 3676 631 3775 propriam,
650 3686 763 3773 atque
782 3678 914 3779 gregis
931 3676 1002 3750 fidi
1021 3701 1152 3752 curare
1170 3678 1352 3770 salutem,

562 3783 740 3880 Undique
757 3787 849 3859 dum
866 3784 990 3884 rapidi

351 3890 510 3967 Insidias
528 3893 691 3966 tendunt
709 3890 884 3987 furesque
904 3891 1081 3992 lupique,
1105 3892 1190 3989 quis
1209 3893 1312 3995 Argo

565 3998 718 4074 cautior
735 4024 813 4074 esse
832 4001 975 4095 queat‘l

354 4105 426 4181 Hie
444 4105 544 4207 gerit
562 4131 667 4180 arma
685 4107 837 4200 minax,
861 4107 1058 4204 cristisque
1077 4107 1304 4186 micantibus
1322 4116 1446 4184 exstat

565 4214 683 4289 Corde
702 4212 833 4289 fovens
851 4214 1027 4313 patriam.

353 4319 478 4394 Fortis
497 4320 601 4396 obire
620 4346 749 4396 neoem
768 4323 900 4422 patriis
920 4348 987 4421 pro
1007 4324 1157 4421 arisque
1177 4323 1366 4422 focisque,

564 4429 603 4504 Si
623 4432 734 4504 modo
754 4441 878 4504 servet
897 4454 950 4505 ea.

352 4534 476 4610 Eheul
497 4537 561 4609 sed
581 4536 900 4631 quoties-audacis
918 4549 1089 4637 tempora
1110 4539 1252 4615 oiroum

563 4643 747 4718 Plumbea
765 4670 865 4717 mors
884 4645 1038 4719 volitat!

353 4749 457 4825 Alter
476 4750 558 4851 agit
577 4774 728 4843 causae,
747 4751 894 4825 tumido
913 4755 1065 4847 quoque
1084 4752 1312 4854 litigatore,

564 4857 827 4953 Iustitiamque
846 4869 995 4958 erepat,

354 4962 478 5055 Quam
497 4972 625 5039 tamen
643 4966 748 5062 haud
766 4965 902 5040 metuit
920 4968 1093 5041 venalem
1114 4968 1289 5059 reddere,
1310 4966 1413 5041 vitae

565 5073 768 5149 Commoda
787 5070 921 5153 fraude
939 5098 1091 5175 parans.
