4084 6000
1060 649 1133 726 186

456 859 663 962 Imperium
680 887 830 956 vecors,
849 863 1047 961 carnisque
1065 864 1195 938 dolosa
1212 864 1408 966 tyrannis,

394 1027 399 1038 „
456 967 676 1045 Morborum
693 970 883 1071 genitrix,
902 969 1137 1067 secundaque
1155 972 1277 1047 Lerna
1294 971 1505 1065 malorum,-

456 1075 733 1174 Vernantisque
752 1077 886 1153 aetatis
904 1077 1045 1172 hiems,
1064 1078 1235 1176 latroque
1253 1079 1394 1154 salutis.

987 1372 1198 1382 ——u—

1042 1613 1142 1690 XVI.

739 1831 973 1920 Paroptrasis
991 1833 1028 1902 L.
1050 1832 1113 1902 111.
1132 1831 1223 1902 Odor
1240 1833 1275 1900 2.
1295 1831 1441 1901 Horatii.

459 2000 536 2131 oui
555 2041 679 2141 eupit,
699 2053 743 2116 ut
761 2041 890 2117 iuveni
907 2044 1057 2118 validae
1076 2053 1177 2118 stent
1193 2068 1349 2142 corpore
1366 2040 1487 2135 vires,

457 2150 558 2225 Dum
577 2159 682 2223 tener
701 2159 757 2223 est
776 2152 890 2225 duros
909 2151 1026 2225 diseat
1045 2151 1205 2225 tolerare
1224 2151 1391 2242 labores,

458 2256 756 2356 Pauperiemque
774 2255 872 2332 ferat
889 2259 1120 2354 miseraeque
1139 2257 1379 2332 incommoda
1395 2257 1508 2332 vita-e.

458 2362 610 2439 Excitet
628 2362 742 2463 ignea
760 2390 865 2439 mens
884 2364 1015 2464 illum,
1034 2366 1084 2439 sit
1100 2376 1251 2466 promta
1268 2365 1454 2439 voluntas*

457 2472 583 2573 Digna
601 2471 685 2546 viro
703 2470 865 2570 patriam
883 2473 1033 2548 tutandi
1051 2487 1089 2547 et
1106 2472 1225 2564 milite
1244 2468 1372 2572 digna.

457 2579 581 2656 Fortis
600 2603 697 2674 equo
715 2576 896 2672 insideat,
914 2581 1063 2680 gladios
1082 2580 1306 2676 hastamque
1322 2581 1558 2654 tremendam

457 2686 637 2762 immanis
654 2696 796 2786 gestet,
813 2687 979 2762 tumidas
998 2713 1076 2783 qua
1093 2685 1256 2786 parturit
1273 2686 1348 2760 iras

457 2795 623 2870 Parthus
642 2805 680 2867 et
698 2793 872 2894 ingentes
890 2794 1039 2890 linquat
1056 2805 1142 2894 post
1158 2793 1301 2894 praelia
1319 2795 1460 2877 caedes.

438 2901 542 2997 [Non
559 2899 702 2976 hiemes
721 2900 866 3003 rigidae
885 2928 959 2977 non
977 2900 1218 2977 inelementia
1235 2900 1330 2975 eoeli

458 3010 541 3086 Non
561 3008 698 3110 vigiles
716 3021 863 3103 noeteS,
882 3036 955 3085 non
976 3036 1042 3085 seu
1060 3006 1218 3111 penuria
1236 3020 1347 3109 potus

459 3118 546 3193 Sive
569 3116 645 3192 eibi
663 3116 862 3217 frangant,
881 3144 954 3192 nou
973 3118 1090 3196 moles
1108 3128 1214 3192 vasta
1233 3117 1418 3191 laborum.

459 3227 572 3300 Aetas
591 3226 682 3299 dum
700 3235 829 3299 tenera
848 3236 904 3299 est
922 3226 1026 3299 duri-s
1044 3226 1211 3299 exercita
1228 3228 1340 3299 rebus

458 3332 583 3408 Fortis
601 3330 673 3405 erit
691 3331 809 3427 bello3
829 3333 882 3406 sie
900 3342 1030 3407 torvos
1047 3332 1189 3406 fi‘nibus
1207 3332 1334 3407 hostes
1367 3366 1371 3371 ⁴
1437 3346 1441 3355 '

457 3440 649 3539 Depellet‚
667 3438 779 3513 latias
798 3439 944 3535 aquilas
963 3440 1016 3513 sio
1035 3440 1123 3514 solis
1142 3442 1190 3513 ab
1208 3448 1296 3513 ortu

460 3546 556 3623 Solis
576 3548 626 3621 ad
643 3571 816 3620 oceasum
835 3539 1080 3622 eomitabitur
1097 3571 1216 3643 usque
1235 3547 1417 3621 volantes.

566 3654 731 3731 Otalom
750 3654 896 3750 quoties
915 3654 1001 3729 aitis
1019 3657 1066 3729 de
1084 3653 1277 3729 montibus
1295 3652 1392 3727 areis
1416 3719 1419 3722 ,

459 3762 536 3837 Aut
554 3772 726 3837 matrona
744 3760 896 3854 videns,
915 3773 982 3837 aut
1000 3762 1078 3835 iam
1089 3752 1248 3837 'matura
1264 3762 1410 3838 Dionae

460 3868 581 3971 Virgo
600 3879 746 3970 gemet,
764 3869 984 3966 laniansque
1004 3894 1129 3944 eomas
1147 3869 1210 3969 pia
1228 3880 1381 3969 pectora
1398 3868 1541 3943 tundet.

459 3975 509 4052 Et
526 3975 619 4051 fusis
637 3976 802 4055 lacrimis
821 3977 945 4052 tristes
963 3977 1157 4051 miscendo
1175 3977 1347 4072 querelas

460 4084 662 4175 clamabit,
681 4109 893 4181 nomenque
910 4085 986 4159 viri
1005 4083 1206 4184 sponsique
1224 4082 1399 4164 vocabit:
1492 4173 1494 4177 Α

418 4236 419 4244 1
460 4190 545 4267 Heu
563 4190 680 4266 mihil
700 4192 913 4290 suspirans:
933 4192 996 4265 hie
1015 4192 1123 4265 miles
1141 4190 1263 4286 qualis
1283 4194 1332 4264 ab
1351 4189 1419 4263 illo
1438 4199 1515 4280 est,

460 4299 529 4375 Oui
547 4300 726 4373 mandata
744 4299 851 4392 dedi,
870 4324 915 4373 ne
934 4299 1055 4374 nostri
1074 4324 1150 4373 non
1166 4322 1311 4373 memor
1329 4320 1433 4372 aeres

458 4408 583 4482 Irruat
600 4405 639 4479 in
657 4430 827 4507 pugnas3
846 4410 915 4481 neo
933 4406 1079 4506 primus
1097 4406 1137 4479 in
1155 4405 1308 4504 agmine
1324 4415 1404 4479 toto

458 4512 623 4607 Emioet,
640 4512 720 4613 ipse
738 4514 843 4588 rudis
862 4524 941 4588 tam
960 4511 1076 4588 fortes
1095 4512 1229 4589 Martis
1247 4512 1418 4587 alumnos

460 4621 651 4715 Sternere,
669 4646 764 4718 quos
783 4623 878 4696 duro
897 4620 1119 4721 rapidorum
1136 4643 1241 4696 more
1258 4622 1410 4695 leonum

459 4732 533 4807 Per
550 4728 694 4804 medias
712 4729 836 4803 clades
855 4752 986 4803 oaeous
1005 4729 1106 4830 rapit
1123 4728 1287 4827 impetus
1304 4727 1394 4802 irae.

565 4837 661 4914 Cara
679 4861 746 4936 pro
765 4836 889 4937 patria
906 4834 1028 4911 vitam
1046 4850 1133 4911 oum
1150 4834 1334 4937 sanguine
1352 4858 1499 4934 semper

458 4945 631 5020 Fundere
649 4944 758 5019 dulce
778 4942 862 5019 fuit.
890 4942 992 5035 Quid
1009 4945 1111 5019 enim
1128 4944 1253 5018 vitare
1270 4944 1418 5043 iabores

462 5052 651 5129 Sollicitus
668 5054 858 5130 mortem?
878 5052 910 5127 si
928 5076 1003 5127 non
1020 5052 1080 5127 vis
1098 5050 1198 5144 ulla,
1216 5074 1285 5125 nee
1302 5051 1405 5126 ullus
