<?xml version="1.0" encoding="UTF-8"?>
<!DOCTYPE html PUBLIC "-//W3C//DTD XHTML 1.0 Transitional//EN"
    "http://www.w3.org/TR/xhtml1/DTD/xhtml1-transitional.dtd">
<html xmlns="http://www.w3.org/1999/xhtml" xml:lang="en" lang="en">
 <head>
  <title>
</title>
<meta http-equiv="Content-Type" content="text/html;charset=utf-8" />
  <meta name='ocr-system' content='tesseract 3.04.00' />
  <meta name='ocr-capabilities' content='ocr_page ocr_carea ocr_par ocr_line ocrx_word'/>
</head>
<body>
  <div class='ocr_page' id='page_1' title='image "./poematumlibrise00jallgoog_0212.png"; bbox 0 0 4084 6000; ppageno 0'>
   <div class='ocr_carea' id='block_1_1' title="bbox 996 645 1072 719">
    <p class='ocr_par' dir='ltr' id='par_1_1' title="bbox 996 645 1072 719">
     <span class='ocr_line' id='line_1_1' title="bbox 996 645 1072 719; baseline -0.013 0"><span class='ocrx_word' id='word_1_1' title='bbox 996 645 1072 719; x_wconf 88' lang='lat'><strong>180</strong></span> 
     </span>
    </p>
   </div>
   <div class='ocr_carea' id='block_1_2' title="bbox 390 859 1485 2245">
    <p class='ocr_par' dir='ltr' id='par_1_2' title="bbox 390 859 1375 1496">
     <span class='ocr_line' id='line_1_2' title="bbox 393 859 1365 939; baseline -0.002 0"><span class='ocrx_word' id='word_1_2' title='bbox 393 863 463 939; x_wconf 91' lang='lat' dir='ltr'><strong>Ille</strong></span> <span class='ocrx_word' id='word_1_3' title='bbox 482 864 586 936; x_wconf 88' lang='lat' dir='ltr'><strong>deest</strong></span> <span class='ocrx_word' id='word_1_4' title='bbox 604 885 772 935; x_wconf 90' lang='lat' dir='ltr'><strong>numero.</strong></span> <span class='ocrx_word' id='word_1_5' title='bbox 793 859 928 934; x_wconf 85' lang='lat' dir='ltr'><strong>Solitas</strong></span> <span class='ocrx_word' id='word_1_6' title='bbox 947 860 1109 934; x_wconf 89' lang='lat' dir='ltr'><strong>lustrare</strong></span> <span class='ocrx_word' id='word_1_7' title='bbox 1127 861 1301 933; x_wconf 79' lang='lat' dir='ltr'><strong>tabernas</strong></span> <span class='ocrx_word' id='word_1_8' title='bbox 1361 929 1365 937; x_wconf 88' lang='lat'>.</span> 
     </span>
     <span class='ocr_line' id='line_1_3' title="bbox 392 965 1368 1066; baseline -0.004 -21"><span class='ocrx_word' id='word_1_9' title='bbox 392 971 580 1065; x_wconf 87' lang='lat' dir='ltr'><strong>Tectaque</strong></span> <span class='ocrx_word' id='word_1_10' title='bbox 598 993 685 1041; x_wconf 90' lang='lat' dir='ltr'><strong>cara</strong></span> <span class='ocrx_word' id='word_1_11' title='bbox 702 966 826 1066; x_wconf 89' lang='lat' dir='ltr'><strong>prius,</strong></span> <span class='ocrx_word' id='word_1_12' title='bbox 846 967 1020 1059; x_wconf 77' lang='lat' dir='ltr'>choreas,</span> <span class='ocrx_word' id='word_1_13' title='bbox 1039 965 1198 1039; x_wconf 90' lang='lat' dir='ltr'><strong>lustrare</strong></span> <span class='ocrx_word' id='word_1_14' title='bbox 1216 965 1368 1041; x_wconf 87' lang='lat' dir='ltr'><strong>theatra</strong></span> 
     </span>
     <span class='ocr_line' id='line_1_4' title="bbox 390 1071 1340 1167; baseline -0.007 -14"><span class='ocrx_word' id='word_1_15' title='bbox 390 1077 458 1153; x_wconf 86' lang='lat' dir='ltr'><strong>Est</strong></span> <span class='ocrx_word' id='word_1_16' title='bbox 475 1077 584 1150; x_wconf 90' lang='lat' dir='ltr'><strong>labor</strong></span> <span class='ocrx_word' id='word_1_17' title='bbox 604 1075 756 1154; x_wconf 85' lang='lat' dir='ltr'><strong>illorum</strong></span> <span class='ocrx_word' id='word_1_18' title='bbox 769 1071 862 1148; x_wconf 77' lang='lat' dir='ltr'><strong>:sed</strong></span> <span class='ocrx_word' id='word_1_19' title='bbox 879 1072 1019 1148; x_wconf 88' lang='lat' dir='ltr'><strong>frustra</strong></span> <span class='ocrx_word' id='word_1_20' title='bbox 1037 1071 1241 1167; x_wconf 81' lang='lat' dir='ltr'>quaeritis,</span> <span class='ocrx_word' id='word_1_21' title='bbox 1259 1072 1340 1147; x_wconf 90' lang='lat' dir='ltr'><strong>istis</strong></span> 
     </span>
     <span class='ocr_line' id='line_1_5' title="bbox 391 1180 1375 1279; baseline -0.005 -20"><span class='ocrx_word' id='word_1_22' title='bbox 391 1185 582 1260; x_wconf 90' lang='lat' dir='ltr'><strong>Mutatum</strong></span> <span class='ocrx_word' id='word_1_23' title='bbox 600 1183 639 1255; x_wconf 92' lang='lat' dir='ltr'><strong>in</strong></span> <span class='ocrx_word' id='word_1_24' title='bbox 657 1181 821 1256; x_wconf 88' lang='lat' dir='ltr'><strong>tenebris</strong></span> <span class='ocrx_word' id='word_1_25' title='bbox 839 1206 913 1254; x_wconf 91' lang='lat' dir='ltr'><strong>non</strong></span> <span class='ocrx_word' id='word_1_26' title='bbox 931 1191 988 1254; x_wconf 88' lang='lat' dir='ltr'><strong>est</strong></span> <span class='ocrx_word' id='word_1_27' title='bbox 1005 1181 1253 1279; x_wconf 70' lang='lat' dir='ltr'><strong>deprendere,</strong></span> <span class='ocrx_word' id='word_1_28' title='bbox 1271 1180 1375 1271; x_wconf 90' lang='lat' dir='ltr'><strong>luce,</strong></span> 
     </span>
     <span class='ocr_line' id='line_1_6' title="bbox 393 1287 1339 1384; baseline -0.003 -19"><span class='ocrx_word' id='word_1_29' title='bbox 393 1292 500 1366; x_wconf 90' lang='lat' dir='ltr'><strong>Illius</strong></span> <span class='ocrx_word' id='word_1_30' title='bbox 519 1288 637 1364; x_wconf 92' lang='lat' dir='ltr'><strong>menti</strong></span> <span class='ocrx_word' id='word_1_31' title='bbox 655 1313 752 1384; x_wconf 89' lang='lat' dir='ltr'><strong>quae</strong></span> <span class='ocrx_word' id='word_1_32' title='bbox 771 1299 852 1362; x_wconf 89' lang='lat' dir='ltr'><strong>orta</strong></span> <span class='ocrx_word' id='word_1_33' title='bbox 870 1298 946 1379; x_wconf 90' lang='lat' dir='ltr'><strong>est,</strong></span> <span class='ocrx_word' id='word_1_34' title='bbox 967 1287 1044 1360; x_wconf 91' lang='lat' dir='ltr'><strong>iam</strong></span> <span class='ocrx_word' id='word_1_35' title='bbox 1062 1298 1166 1362; x_wconf 91' lang='lat' dir='ltr'><strong>recta</strong></span> <span class='ocrx_word' id='word_1_36' title='bbox 1183 1287 1339 1363; x_wconf 87' lang='lat' dir='ltr'><strong>videbit.</strong></span> 
     </span>
     <span class='ocr_line' id='line_1_7' title="bbox 390 1392 1288 1496; baseline -0.003 -24"><span class='ocrx_word' id='word_1_37' title='bbox 390 1397 504 1472; x_wconf 87' lang='lat' dir='ltr'><strong>Eccel</strong></span> <span class='ocrx_word' id='word_1_38' title='bbox 524 1397 629 1470; x_wconf 90' lang='lat' dir='ltr'><strong>velut</strong></span> <span class='ocrx_word' id='word_1_39' title='bbox 648 1421 788 1496; x_wconf 88' lang='lat' dir='ltr'><strong>magno</strong></span> <span class='ocrx_word' id='word_1_40' title='bbox 806 1395 981 1469; x_wconf 89' lang='lat' dir='ltr'><strong>firmatus</strong></span> <span class='ocrx_word' id='word_1_41' title='bbox 1000 1392 1151 1470; x_wconf 87' lang='lat' dir='ltr'><strong>Socrate</strong></span> <span class='ocrx_word' id='word_1_42' title='bbox 1168 1394 1288 1494; x_wconf 88' lang='lat' dir='ltr'><strong>vulgo</strong></span> 
     </span>
    </p>

    <p class='ocr_par' dir='ltr' id='par_1_3' title="bbox 392 1499 1270 1603">
     <span class='ocr_line' id='line_1_8' title="bbox 392 1499 1270 1603; baseline -0.009 -22"><span class='ocrx_word' id='word_1_43' title='bbox 392 1506 477 1581; x_wconf 87' lang='lat' dir='ltr'><strong>Sese</strong></span> <span class='ocrx_word' id='word_1_44' title='bbox 496 1502 699 1594; x_wconf 88' lang='lat' dir='ltr'><strong>subduxit,</strong></span> <span class='ocrx_word' id='word_1_45' title='bbox 718 1503 861 1603; x_wconf 81' lang='lat' dir='ltr'><strong>patriae</strong></span> <span class='ocrx_word' id='word_1_46' title='bbox 880 1499 1078 1598; x_wconf 81' lang='lat' dir='ltr'><strong>famaeque</strong></span> <span class='ocrx_word' id='word_1_47' title='bbox 1096 1501 1270 1576; x_wconf 82' lang='lat' dir='ltr'><strong>laborans</strong></span> 
     </span>
    </p>

    <p class='ocr_par' dir='ltr' id='par_1_4' title="bbox 390 1607 1485 2245">
     <span class='ocr_line' id='line_1_9' title="bbox 390 1607 1352 1709; baseline -0.007 -22"><span class='ocrx_word' id='word_1_48' title='bbox 390 1612 542 1687; x_wconf 81' lang='lat' dir='ltr'><strong>Vivere.</strong></span> <span class='ocrx_word' id='word_1_49' title='bbox 572 1609 681 1685; x_wconf 91' lang='lat' dir='ltr'><strong>Nunc</strong></span> <span class='ocrx_word' id='word_1_50' title='bbox 699 1609 830 1709; x_wconf 89' lang='lat' dir='ltr'><strong>legum</strong></span> <span class='ocrx_word' id='word_1_51' title='bbox 853 1609 1014 1683; x_wconf 86' lang='lat' dir='ltr'><strong>sacraria</strong></span> <span class='ocrx_word' id='word_1_52' title='bbox 1026 1610 1183 1707; x_wconf 85' lang='lat' dir='ltr'><strong>condita</strong></span> <span class='ocrx_word' id='word_1_53' title='bbox 1201 1607 1352 1708; x_wconf 80' lang='lat' dir='ltr'><strong>pandit,</strong></span> 
     </span>
     <span class='ocr_line' id='line_1_10' title="bbox 390 1713 1327 1815; baseline -0.006 -21"><span class='ocrx_word' id='word_1_54' title='bbox 390 1717 498 1794; x_wconf 88' lang='lat' dir='ltr'><strong>Nunc</strong></span> <span class='ocrx_word' id='word_1_55' title='bbox 516 1743 638 1792; x_wconf 88' lang='lat' dir='ltr'><strong>mores</strong></span> <span class='ocrx_word' id='word_1_56' title='bbox 657 1717 798 1815; x_wconf 89' lang='lat' dir='ltr'><strong>patrios</strong></span> <span class='ocrx_word' id='word_1_57' title='bbox 817 1716 951 1808; x_wconf 87' lang='lat' dir='ltr'><strong>librat,</strong></span> <span class='ocrx_word' id='word_1_58' title='bbox 969 1715 1194 1815; x_wconf 87' lang='lat' dir='ltr'><strong>penitusque</strong></span> <span class='ocrx_word' id='word_1_59' title='bbox 1213 1713 1327 1789; x_wconf 86' lang='lat' dir='ltr'><strong>saluti</strong></span> 
     </span>
     <span class='ocr_line' id='line_1_11' title="bbox 391 1822 1456 1922; baseline -0.008 -20"><span class='ocrx_word' id='word_1_60' title='bbox 391 1825 589 1902; x_wconf 80' lang='lat' dir='ltr'><strong>Communi</strong></span> <span class='ocrx_word' id='word_1_61' title='bbox 607 1824 796 1915; x_wconf 76' lang='lat' dir='ltr'><strong>intentuS,</strong></span> <span class='ocrx_word' id='word_1_62' title='bbox 815 1848 1031 1918; x_wconf 87' lang='lat' dir='ltr'><strong>nunquam,</strong></span> <span class='ocrx_word' id='word_1_63' title='bbox 1050 1822 1122 1897; x_wconf 88' lang='lat' dir='ltr'><strong>nisi</strong></span> <span class='ocrx_word' id='word_1_64' title='bbox 1139 1847 1281 1922; x_wconf 80' lang='lat' dir='ltr'><strong>magna</strong></span> <span class='ocrx_word' id='word_1_65' title='bbox 1298 1822 1456 1896; x_wconf 87' lang='lat' dir='ltr'><strong>volutat.</strong></span> 
     </span>
     <span class='ocr_line' id='line_1_12' title="bbox 391 1928 1387 2033; baseline -0.007 -24"><span class='ocrx_word' id='word_1_66' title='bbox 391 1933 464 2010; x_wconf 90' lang='lat' dir='ltr'><strong>Hic</strong></span> <span class='ocrx_word' id='word_1_67' title='bbox 483 1931 667 2033; x_wconf 88' lang='lat' dir='ltr'><strong>gravibus</strong></span> <span class='ocrx_word' id='word_1_68' title='bbox 685 1931 817 2006; x_wconf 88' lang='lat' dir='ltr'><strong>Martis</strong></span> <span class='ocrx_word' id='word_1_69' title='bbox 836 1942 1008 2004; x_wconf 89' lang='lat' dir='ltr'><strong>versatur</strong></span> <span class='ocrx_word' id='word_1_70' title='bbox 1026 1930 1065 2004; x_wconf 94' lang='lat' dir='ltr'><strong>in</strong></span> <span class='ocrx_word' id='word_1_71' title='bbox 1085 1930 1250 2004; x_wconf 85' lang='lat' dir='ltr'><strong>artibus:</strong></span> <span class='ocrx_word' id='word_1_72' title='bbox 1270 1928 1350 2002; x_wconf 91' lang='lat' dir='ltr'><strong>illic</strong></span> <span class='ocrx_word' id='word_1_73' title='bbox 1385 1932 1387 1935; x_wconf 78' lang='grc'><strong>’</strong></span> 
     </span>
     <span class='ocr_line' id='line_1_13' title="bbox 394 2037 1340 2139; baseline -0.005 -24"><span class='ocrx_word' id='word_1_74' title='bbox 394 2043 613 2139; x_wconf 81' lang='lat' dir='ltr'><strong>Areopagus</strong></span> <span class='ocrx_word' id='word_1_75' title='bbox 633 2038 749 2112; x_wconf 87' lang='lat' dir='ltr'><strong>habet</strong></span> <span class='ocrx_word' id='word_1_76' title='bbox 767 2037 945 2117; x_wconf 91' lang='lat' dir='ltr'><strong>sublimia</strong></span> <span class='ocrx_word' id='word_1_77' title='bbox 963 2041 1082 2111; x_wconf 86' lang='lat' dir='ltr'><strong>verba</strong></span> <span class='ocrx_word' id='word_1_78' title='bbox 1100 2038 1316 2133; x_wconf 89' lang='lat' dir='ltr'><strong>loquentem</strong></span> <span class='ocrx_word' id='word_1_79' title='bbox 1338 2116 1340 2120; x_wconf 58' lang='grc'>,</span> 
     </span>
     <span class='ocr_line' id='line_1_14' title="bbox 392 2143 1485 2245; baseline -0.005 -22"><span class='ocrx_word' id='word_1_80' title='bbox 392 2148 611 2239; x_wconf 75' lang='lat' dir='ltr'><strong>DemiranS,</strong></span> <span class='ocrx_word' id='word_1_81' title='bbox 629 2143 851 2240; x_wconf 90' lang='lat' dir='ltr'><strong>Phoebique</strong></span> <span class='ocrx_word' id='word_1_82' title='bbox 870 2155 996 2218; x_wconf 88' lang='lat' dir='ltr'><strong>catum</strong></span> <span class='ocrx_word' id='word_1_83' title='bbox 1015 2145 1249 2245; x_wconf 84' lang='lat' dir='ltr'><strong>distinguere</strong></span> <span class='ocrx_word' id='word_1_84' title='bbox 1268 2144 1378 2221; x_wconf 86' lang='lat' dir='ltr'><strong>dieta.</strong></span> <span class='ocrx_word' id='word_1_85' title='bbox 1482 2199 1485 2207; x_wconf 85' lang='lat'>.</span> 
     </span>
    </p>
   </div>
   <div class='ocr_carea' id='block_1_3' title="bbox 621 2415 1381 2566">
    <p class='ocr_par' dir='ltr' id='par_1_5' title="bbox 621 2415 1381 2566">
     <span class='ocr_line' id='line_1_15' title="bbox 621 2415 1381 2566; baseline -0.016 -12"><span class='ocrx_word' id='word_1_86' title='bbox 621 2547 624 2554; x_wconf 87' lang='lat'>.</span> <span class='ocrx_word' id='word_1_87' title='bbox 683 2460 861 2566; x_wconf 82' lang='lat' dir='ltr'><strong>Expedite</strong></span> <span class='ocrx_word' id='word_1_88' title='bbox 882 2465 1059 2546; x_wconf 83' lang='lat' dir='ltr'><strong>Persarum</strong></span> <span class='ocrx_word' id='word_1_89' title='bbox 1077 2467 1194 2544; x_wconf 82' lang='lat' dir='ltr'><strong>contra</strong></span> <span class='ocrx_word' id='word_1_90' title='bbox 1212 2415 1381 2548; x_wconf 75' lang='lat' dir='ltr'><strong>(bretos.¹</strong></span> 
     </span>
    </p>
   </div>
   <div class='ocr_carea' id='block_1_4' title="bbox 362 2679 1551 5140">
    <p class='ocr_par' dir='ltr' id='par_1_6' title="bbox 393 2679 1320 2780">
     <span class='ocr_line' id='line_1_16' title="bbox 393 2679 1320 2780; baseline -0.005 -21"><span class='ocrx_word' id='word_1_91' title='bbox 393 2684 511 2759; x_wconf 88' lang='lat' dir='ltr'><strong>Parce</strong></span> <span class='ocrx_word' id='word_1_92' title='bbox 530 2692 614 2756; x_wconf 89' lang='lat' dir='ltr'><strong>tuos</strong></span> <span class='ocrx_word' id='word_1_93' title='bbox 633 2681 777 2756; x_wconf 89' lang='lat' dir='ltr'><strong>Xerxes</strong></span> <span class='ocrx_word' id='word_1_94' title='bbox 796 2683 948 2780; x_wconf 87' lang='lat' dir='ltr'><strong>demens</strong></span> <span class='ocrx_word' id='word_1_95' title='bbox 967 2680 1134 2756; x_wconf 86' lang='lat' dir='ltr'><strong>animare</strong></span> <span class='ocrx_word' id='word_1_96' title='bbox 1153 2679 1320 2773; x_wconf 86' lang='lat' dir='ltr'><strong>furores,</strong></span> 
     </span>
    </p>

    <p class='ocr_par' dir='ltr' id='par_1_7' title="bbox 392 2788 1299 2886">
     <span class='ocr_line' id='line_1_17' title="bbox 392 2788 1299 2886; baseline -0.003 -21"><span class='ocrx_word' id='word_1_97' title='bbox 392 2789 557 2865; x_wconf 86' lang='lat' dir='ltr'><strong>Persidis</strong></span> <span class='ocrx_word' id='word_1_98' title='bbox 576 2800 612 2863; x_wconf 91' lang='lat' dir='ltr'><strong>et</strong></span> <span class='ocrx_word' id='word_1_99' title='bbox 629 2788 724 2864; x_wconf 86' lang='lat' dir='ltr'><strong>fines</strong></span> <span class='ocrx_word' id='word_1_100' title='bbox 744 2788 878 2886; x_wconf 89' lang='lat' dir='ltr'><strong>opibus</strong></span> <span class='ocrx_word' id='word_1_101' title='bbox 897 2813 1128 2883; x_wconf 89' lang='lat' dir='ltr'><strong>numeroque</strong></span> <span class='ocrx_word' id='word_1_102' title='bbox 1146 2799 1299 2862; x_wconf 90' lang='lat' dir='ltr'><strong>tuorum</strong></span> 
     </span>
    </p>

    <p class='ocr_par' dir='ltr' id='par_1_8' title="bbox 394 2890 1323 2997">
     <span class='ocr_line' id='line_1_18' title="bbox 394 2890 1323 2997; baseline -0.002 -26"><span class='ocrx_word' id='word_1_103' title='bbox 394 2899 579 2971; x_wconf 89' lang='lat' dir='ltr'><strong>Immenso</strong></span> <span class='ocrx_word' id='word_1_104' title='bbox 599 2895 767 2995; x_wconf 89' lang='lat' dir='ltr'><strong>spoliare.</strong></span> <span class='ocrx_word' id='word_1_105' title='bbox 788 2895 920 2970; x_wconf 81' lang='lat' dir='ltr'><strong>Gemes</strong></span> <span class='ocrx_word' id='word_1_106' title='bbox 940 2890 1150 2986; x_wconf 85' lang='lat' dir='ltr'><strong>Salamina,</strong></span> <span class='ocrx_word' id='word_1_107' title='bbox 1169 2896 1300 2997; x_wconf 87' lang='lat' dir='ltr'><strong>tuique</strong></span> <span class='ocrx_word' id='word_1_108' title='bbox 1319 2954 1323 2958; x_wconf 85' lang='lat'>.</span> 
     </span>
    </p>

    <p class='ocr_par' dir='ltr' id='par_1_9' title="bbox 362 3003 1265 3105">
     <span class='ocr_line' id='line_1_19' title="bbox 362 3003 1265 3105; baseline -0.002 -26"><span class='ocrx_word' id='word_1_109' title='bbox 362 3068 364 3071; x_wconf 95' lang='lat'>.</span> <span class='ocrx_word' id='word_1_110' title='bbox 394 3004 566 3079; x_wconf 88' lang='lat' dir='ltr'><strong>Nominis</strong></span> <span class='ocrx_word' id='word_1_111' title='bbox 586 3003 764 3078; x_wconf 84' lang='lat' dir='ltr'><strong>et&#39;famae</strong></span> <span class='ocrx_word' id='word_1_112' title='bbox 777 3004 980 3105; x_wconf 84' lang='lat' dir='ltr'><strong>iacturam.</strong></span> <span class='ocrx_word' id='word_1_113' title='bbox 1010 3004 1050 3078; x_wconf 88' lang='lat' dir='ltr'><strong>Si</strong></span> <span class='ocrx_word' id='word_1_114' title='bbox 1069 3004 1168 3103; x_wconf 89' lang='lat' dir='ltr'><strong>sapis</strong></span> <span class='ocrx_word' id='word_1_115' title='bbox 1186 3006 1265 3077; x_wconf 87' lang='lat' dir='ltr'><strong>alta</strong></span> 
     </span>
    </p>

    <p class='ocr_par' dir='ltr' id='par_1_10' title="bbox 394 3109 1303 3212">
     <span class='ocr_line' id='line_1_20' title="bbox 394 3109 1303 3212; baseline -0.002 -25"><span class='ocrx_word' id='word_1_116' title='bbox 394 3112 549 3212; x_wconf 80' lang='lat' dir='ltr'><strong>Corrige</strong></span> <span class='ocrx_word' id='word_1_117' title='bbox 568 3122 679 3202; x_wconf 89' lang='lat' dir='ltr'><strong>vota,</strong></span> <span class='ocrx_word' id='word_1_118' title='bbox 698 3135 832 3184; x_wconf 89' lang='lat' dir='ltr'><strong>cavens</strong></span> <span class='ocrx_word' id='word_1_119' title='bbox 846 3109 988 3203; x_wconf 86' lang='lat' dir='ltr'><strong>&#39;infesto</strong></span> <span class='ocrx_word' id='word_1_120' title='bbox 1006 3112 1154 3185; x_wconf 88' lang='lat' dir='ltr'><strong>laedere</strong></span> <span class='ocrx_word' id='word_1_121' title='bbox 1172 3111 1303 3187; x_wconf 83' lang='lat' dir='ltr'><strong>Graios</strong></span> 
     </span>
    </p>

    <p class='ocr_par' dir='ltr' id='par_1_11' title="bbox 396 3216 1302 3317">
     <span class='ocr_line' id='line_1_21' title="bbox 396 3216 1302 3317; baseline 0 -24"><span class='ocrx_word' id='word_1_122' title='bbox 396 3219 606 3293; x_wconf 90' lang='lat' dir='ltr'><strong>Immeritos</strong></span> <span class='ocrx_word' id='word_1_123' title='bbox 624 3219 743 3292; x_wconf 92' lang='lat' dir='ltr'><strong>bello:</strong></span> <span class='ocrx_word' id='word_1_124' title='bbox 765 3217 796 3291; x_wconf 85' lang='lat' dir='ltr'><strong>si</strong></span> <span class='ocrx_word' id='word_1_125' title='bbox 815 3216 953 3308; x_wconf 78' lang='lat' dir='ltr'><strong>neseis,</strong></span> <span class='ocrx_word' id='word_1_126' title='bbox 971 3220 1098 3317; x_wconf 84' lang='lat' dir='ltr'><strong>Argus</strong></span> <span class='ocrx_word' id='word_1_127' title='bbox 1117 3220 1229 3316; x_wconf 85' lang='lat' dir='ltr'><strong>adest</strong></span> <span class='ocrx_word' id='word_1_128' title='bbox 1239 3218 1302 3293; x_wconf 90' lang='lat' dir='ltr'><strong>hic</strong></span> 
     </span>
    </p>

    <p class='ocr_par' dir='ltr' id='par_1_12' title="bbox 396 3322 1249 3427">
     <span class='ocr_line' id='line_1_22' title="bbox 396 3322 1249 3427; baseline -0.001 -27"><span class='ocrx_word' id='word_1_129' title='bbox 396 3326 518 3400; x_wconf 85' lang='lat' dir='ltr'><strong>Multa</strong></span> <span class='ocrx_word' id='word_1_130' title='bbox 534 3322 722 3399; x_wconf 89' lang='lat' dir='ltr'><strong>Neoclidis</strong></span> <span class='ocrx_word' id='word_1_131' title='bbox 742 3325 864 3427; x_wconf 87' lang='lat' dir='ltr'><strong>virtus</strong></span> <span class='ocrx_word' id='word_1_132' title='bbox 881 3325 951 3398; x_wconf 92' lang='lat' dir='ltr'><strong>tibi</strong></span> <span class='ocrx_word' id='word_1_133' title='bbox 970 3325 1054 3398; x_wconf 90' lang='lat' dir='ltr'><strong>iure</strong></span> <span class='ocrx_word' id='word_1_134' title='bbox 1072 3325 1249 3419; x_wconf 88' lang='lat' dir='ltr'><strong>timenda.</strong></span> 
     </span>
    </p>

    <p class='ocr_par' dir='ltr' id='par_1_13' title="bbox 397 3429 1275 3533">
     <span class='ocr_line' id='line_1_23' title="bbox 397 3429 1275 3533; baseline -0.002 -26"><span class='ocrx_word' id='word_1_135' title='bbox 397 3430 461 3507; x_wconf 89' lang='lat' dir='ltr'><strong>Nil</strong></span> <span class='ocrx_word' id='word_1_136' title='bbox 480 3456 564 3533; x_wconf 89' lang='lat' dir='ltr'><strong>ago.</strong></span> <span class='ocrx_word' id='word_1_137' title='bbox 584 3429 747 3506; x_wconf 89' lang='lat' dir='ltr'><strong>Millenis</strong></span> <span class='ocrx_word' id='word_1_138' title='bbox 767 3443 942 3507; x_wconf 86' lang='lat' dir='ltr'><strong>oneratur</strong></span> <span class='ocrx_word' id='word_1_139' title='bbox 961 3432 1123 3506; x_wconf 84' lang='lat' dir='ltr'><strong>navibus</strong></span> <span class='ocrx_word' id='word_1_140' title='bbox 1141 3432 1275 3532; x_wconf 89' lang='lat' dir='ltr'><strong>ingens</strong></span> 
     </span>
    </p>

    <p class='ocr_par' dir='ltr' id='par_1_14' title="bbox 397 3539 1366 3638">
     <span class='ocr_line' id='line_1_24' title="bbox 397 3539 1366 3638; baseline -0.002 -23"><span class='ocrx_word' id='word_1_141' title='bbox 397 3540 588 3631; x_wconf 77' lang='lat' dir='ltr'><strong>OceanuS,</strong></span> <span class='ocrx_word' id='word_1_142' title='bbox 606 3549 827 3633; x_wconf 89' lang='lat' dir='ltr'><strong>turmaeque</strong></span> <span class='ocrx_word' id='word_1_143' title='bbox 837 3542 983 3638; x_wconf 81' lang='lat' dir='ltr'><strong>&#39;graves</strong></span> <span class='ocrx_word' id='word_1_144' title='bbox 1000 3539 1138 3613; x_wconf 89' lang='lat' dir='ltr'><strong>tellure</strong></span> <span class='ocrx_word' id='word_1_145' title='bbox 1156 3552 1366 3615; x_wconf 90' lang='lat' dir='ltr'><strong>moventur.</strong></span> 
     </span>
    </p>

    <p class='ocr_par' dir='ltr' id='par_1_15' title="bbox 394 3646 1460 3746">
     <span class='ocr_line' id='line_1_25' title="bbox 394 3646 1460 3746; baseline -0.002 -23"><span class='ocrx_word' id='word_1_146' title='bbox 394 3648 511 3723; x_wconf 88' lang='lat' dir='ltr'><strong>Terra</strong></span> <span class='ocrx_word' id='word_1_147' title='bbox 530 3646 669 3746; x_wconf 80' lang='lat' dir='ltr'><strong>gemit,</strong></span> <span class='ocrx_word' id='word_1_148' title='bbox 689 3670 764 3742; x_wconf 89' lang='lat' dir='ltr'><strong>qua</strong></span> <span class='ocrx_word' id='word_1_149' title='bbox 783 3670 821 3719; x_wconf 89' lang='lat' dir='ltr'><strong>se</strong></span> <span class='ocrx_word' id='word_1_150' title='bbox 839 3649 1013 3738; x_wconf 89' lang='lat' dir='ltr'><strong>flectunt,</strong></span> <span class='ocrx_word' id='word_1_151' title='bbox 1031 3646 1290 3745; x_wconf 89' lang='lat' dir='ltr'><strong>trepidatque:</strong></span> <span class='ocrx_word' id='word_1_152' title='bbox 1309 3658 1460 3746; x_wconf 88' lang='lat' dir='ltr'><strong>patente</strong></span> 
     </span>
    </p>

    <p class='ocr_par' dir='ltr' id='par_1_16' title="bbox 395 3752 1551 3855">
     <span class='ocr_line' id='line_1_26' title="bbox 395 3752 1551 3855; baseline 0.001 -28"><span class='ocrx_word' id='word_1_153' title='bbox 395 3752 480 3843; x_wconf 83' lang='lat' dir='ltr'><strong>Qua</strong></span> <span class='ocrx_word' id='word_1_154' title='bbox 497 3763 721 3852; x_wconf 88' lang='lat' dir='ltr'><strong>properant,</strong></span> <span class='ocrx_word' id='word_1_155' title='bbox 739 3753 875 3853; x_wconf 89' lang='lat' dir='ltr'><strong>pelago</strong></span> <span class='ocrx_word' id='word_1_156' title='bbox 894 3764 1016 3829; x_wconf 88' lang='lat' dir='ltr'><strong>metus</strong></span> <span class='ocrx_word' id='word_1_157' title='bbox 1035 3754 1067 3829; x_wconf 89' lang='lat' dir='ltr'><strong>it</strong></span> <span class='ocrx_word' id='word_1_158' title='bbox 1084 3766 1278 3851; x_wconf 90' lang='lat' dir='ltr'><strong>terrorque</strong></span> <span class='ocrx_word' id='word_1_159' title='bbox 1296 3756 1467 3855; x_wconf 78' lang='lat' dir='ltr'><strong>pelasgae</strong></span> <span class='ocrx_word' id='word_1_160' title='bbox 1520 3763 1524 3772; x_wconf 89' lang='lat'><em>&#39;</em></span> <span class='ocrx_word' id='word_1_161' title='bbox 1548 3841 1551 3848; x_wconf 41' lang='lat'><strong>,</strong></span> 
     </span>
    </p>

    <p class='ocr_par' dir='ltr' id='par_1_17' title="bbox 398 3860 1345 3962">
     <span class='ocr_line' id='line_1_27' title="bbox 398 3860 1345 3962; baseline 0.003 -27"><span class='ocrx_word' id='word_1_162' title='bbox 398 3860 565 3935; x_wconf 89' lang='lat' dir='ltr'><strong>Nuncius</strong></span> <span class='ocrx_word' id='word_1_163' title='bbox 584 3863 632 3934; x_wconf 91' lang='lat' dir='ltr'><strong>ad</strong></span> <span class='ocrx_word' id='word_1_164' title='bbox 650 3862 763 3935; x_wconf 88' lang='lat' dir='ltr'><strong>sedes.</strong></span> <span class='ocrx_word' id='word_1_165' title='bbox 792 3861 915 3936; x_wconf 91' lang='lat' dir='ltr'><strong>Denso</strong></span> <span class='ocrx_word' id='word_1_166' title='bbox 934 3862 1040 3936; x_wconf 90' lang='lat' dir='ltr'><strong>velut</strong></span> <span class='ocrx_word' id='word_1_167' title='bbox 1058 3861 1208 3962; x_wconf 88' lang='lat' dir='ltr'><strong>agmine</strong></span> <span class='ocrx_word' id='word_1_168' title='bbox 1226 3866 1345 3938; x_wconf 91' lang='lat' dir='ltr'><strong>nubes</strong></span> 
     </span>
    </p>

    <p class='ocr_par' dir='ltr' id='par_1_18' title="bbox 398 3967 1530 4069">
     <span class='ocr_line' id='line_1_28' title="bbox 398 3967 1530 4069; baseline 0.001 -27"><span class='ocrx_word' id='word_1_169' title='bbox 398 3969 493 4043; x_wconf 83' lang='lat' dir='ltr'><strong>Cum</strong></span> <span class='ocrx_word' id='word_1_170' title='bbox 514 3967 629 4041; x_wconf 82' lang='lat' dir='ltr'><strong>solem</strong></span> <span class='ocrx_word' id='word_1_171' title='bbox 649 3967 812 4066; x_wconf 91' lang='lat' dir='ltr'><strong>eripiunt</strong></span> <span class='ocrx_word' id='word_1_172' title='bbox 831 3970 953 4061; x_wconf 86' lang='lat' dir='ltr'><strong>coele,</strong></span> <span class='ocrx_word' id='word_1_173' title='bbox 972 3968 1217 4065; x_wconf 88' lang='lat' dir='ltr'><strong>sequiturque</strong></span> <span class='ocrx_word' id='word_1_174' title='bbox 1236 3970 1400 4069; x_wconf 87' lang='lat' dir='ltr'><strong>procella</strong></span> <span class='ocrx_word' id='word_1_175' title='bbox 1526 3976 1530 3982; x_wconf 84' lang='lat'>&#39;</span> 
     </span>
    </p>

    <p class='ocr_par' dir='ltr' id='par_1_19' title="bbox 398 4073 1343 4177">
     <span class='ocr_line' id='line_1_29' title="bbox 398 4073 1343 4177; baseline 0.002 -27"><span class='ocrx_word' id='word_1_176' title='bbox 398 4076 491 4150; x_wconf 90' lang='lat' dir='ltr'><strong>Feta</strong></span> <span class='ocrx_word' id='word_1_177' title='bbox 509 4073 615 4149; x_wconf 85' lang='lat' dir='ltr'><strong>Notis</strong></span> <span class='ocrx_word' id='word_1_178' title='bbox 633 4074 839 4170; x_wconf 83' lang='lat' dir='ltr'><strong>Caurisque</strong></span> <span class='ocrx_word' id='word_1_179' title='bbox 858 4074 946 4149; x_wconf 89' lang='lat' dir='ltr'><strong>feris</strong></span> <span class='ocrx_word' id='word_1_180' title='bbox 966 4087 1002 4150; x_wconf 91' lang='lat' dir='ltr'><strong>et</strong></span> <span class='ocrx_word' id='word_1_181' title='bbox 1020 4075 1178 4152; x_wconf 79' lang='lat' dir='ltr'><strong>fulmine</strong></span> <span class='ocrx_word' id='word_1_182' title='bbox 1197 4089 1234 4151; x_wconf 88' lang='lat' dir='ltr'><strong>et</strong></span> <span class='ocrx_word' id='word_1_183' title='bbox 1250 4077 1343 4177; x_wconf 87' lang='lat' dir='ltr'><strong>igni.</strong></span> 
     </span>
    </p>

    <p class='ocr_par' dir='ltr' id='par_1_20' title="bbox 399 4181 1346 4287">
     <span class='ocr_line' id='line_1_30' title="bbox 399 4181 1346 4287; baseline 0 -28"><span class='ocrx_word' id='word_1_184' title='bbox 399 4183 477 4259; x_wconf 81' lang='lat' dir='ltr'><strong>Aut</strong></span> <span class='ocrx_word' id='word_1_185' title='bbox 497 4182 605 4277; x_wconf 88' lang='lat' dir='ltr'><strong>quasi</strong></span> <span class='ocrx_word' id='word_1_186' title='bbox 623 4194 838 4287; x_wconf 79' lang='lat' dir='ltr'><strong>surgentes,</strong></span> <span class='ocrx_word' id='word_1_187' title='bbox 858 4181 1009 4257; x_wconf 89' lang='lat' dir='ltr'><strong>orientis</strong></span> <span class='ocrx_word' id='word_1_188' title='bbox 1029 4183 1163 4283; x_wconf 86' lang='lat' dir='ltr'><strong>plaga,</strong></span> <span class='ocrx_word' id='word_1_189' title='bbox 1180 4184 1346 4264; x_wconf 87' lang='lat' dir='ltr'><strong>locustae</strong></span> 
     </span>
    </p>

    <p class='ocr_par' dir='ltr' id='par_1_21' title="bbox 399 4287 1399 4386">
     <span class='ocr_line' id='line_1_31' title="bbox 399 4287 1399 4386; baseline 0.001 -22"><span class='ocrx_word' id='word_1_190' title='bbox 399 4287 538 4364; x_wconf 88' lang='lat' dir='ltr'><strong>Nubila</strong></span> <span class='ocrx_word' id='word_1_191' title='bbox 557 4314 670 4367; x_wconf 83' lang='lat' dir='ltr'><strong>caeca</strong></span> <span class='ocrx_word' id='word_1_192' title='bbox 685 4290 843 4365; x_wconf 82' lang='lat' dir='ltr'><strong>trahunt</strong></span> <span class='ocrx_word' id='word_1_193' title='bbox 860 4314 1004 4383; x_wconf 89' lang='lat' dir='ltr'><strong>secum,</strong></span> <span class='ocrx_word' id='word_1_194' title='bbox 1023 4291 1218 4386; x_wconf 85' lang='lat' dir='ltr'><strong>macieque</strong></span> <span class='ocrx_word' id='word_1_195' title='bbox 1235 4302 1399 4365; x_wconf 88' lang='lat' dir='ltr'><strong>recentes</strong></span> 
     </span>
    </p>

    <p class='ocr_par' dir='ltr' id='par_1_22' title="bbox 398 4395 1446 4606">
     <span class='ocr_line' id='line_1_32' title="bbox 398 4395 1374 4496; baseline 0 -24"><span class='ocrx_word' id='word_1_196' title='bbox 398 4395 607 4472; x_wconf 88' lang='lat' dir='ltr'><strong>Perniciem</strong></span> <span class='ocrx_word' id='word_1_197' title='bbox 624 4398 855 4471; x_wconf 87' lang='lat' dir='ltr'><strong>meditantur</strong></span> <span class='ocrx_word' id='word_1_198' title='bbox 872 4397 1050 4496; x_wconf 87' lang='lat' dir='ltr'><strong>agrisque</strong></span> <span class='ocrx_word' id='word_1_199' title='bbox 1068 4398 1221 4496; x_wconf 90' lang='lat' dir='ltr'><strong>speique</strong></span> <span class='ocrx_word' id='word_1_200' title='bbox 1240 4398 1374 4473; x_wconf 89' lang='lat' dir='ltr'><strong>coloni.</strong></span> 
     </span>
     <span class='ocr_line' id='line_1_33' title="bbox 505 4501 1446 4606; baseline 0.002 -29"><span class='ocrx_word' id='word_1_201' title='bbox 505 4501 606 4593; x_wconf 76' lang='lat' dir='ltr'><strong>Quid</strong></span> <span class='ocrx_word' id='word_1_202' title='bbox 624 4503 865 4581; x_wconf 72' lang='lat' dir='ltr'><strong>uobiszanimi</strong></span> <span class='ocrx_word' id='word_1_203' title='bbox 884 4505 1037 4602; x_wconf 84' lang='lat' dir='ltr'><strong>Sparte,</strong></span> <span class='ocrx_word' id='word_1_204' title='bbox 1056 4504 1225 4600; x_wconf 89' lang='lat' dir='ltr'><strong>ditesque</strong></span> <span class='ocrx_word' id='word_1_205' title='bbox 1242 4506 1446 4606; x_wconf 81' lang='lat' dir='ltr'><strong>Mycenae,</strong></span> 
     </span>
    </p>

    <p class='ocr_par' dir='ltr' id='par_1_23' title="bbox 400 4610 1458 4710">
     <span class='ocr_line' id='line_1_34' title="bbox 400 4610 1458 4710; baseline 0.001 -25"><span class='ocrx_word' id='word_1_206' title='bbox 400 4610 523 4705; x_wconf 83' lang='lat' dir='ltr'><strong>Atque</strong></span> <span class='ocrx_word' id='word_1_207' title='bbox 541 4622 672 4709; x_wconf 89' lang='lat' dir='ltr'><strong>potens</strong></span> <span class='ocrx_word' id='word_1_208' title='bbox 691 4612 843 4710; x_wconf 73' lang='lat' dir='ltr'><strong>Argos?</strong></span> <span class='ocrx_word' id='word_1_209' title='bbox 863 4611 956 4706; x_wconf 92' lang='lat' dir='ltr'><strong>quid</strong></span> <span class='ocrx_word' id='word_1_210' title='bbox 973 4611 1150 4699; x_wconf 78' lang='lat' dir='ltr'><strong>Athenis,</strong></span> <span class='ocrx_word' id='word_1_211' title='bbox 1168 4613 1335 4693; x_wconf 86' lang='lat' dir='ltr'><strong>Palladis</strong></span> <span class='ocrx_word' id='word_1_212' title='bbox 1353 4613 1458 4690; x_wconf 73' lang='lat' dir='ltr'><strong>arci?</strong></span> 
     </span>
    </p>

    <p class='ocr_par' dir='ltr' id='par_1_24' title="bbox 400 4716 1202 4799">
     <span class='ocr_line' id='line_1_35' title="bbox 400 4716 1202 4799; baseline 0.006 -7"><span class='ocrx_word' id='word_1_213' title='bbox 400 4716 476 4792; x_wconf 87' lang='lat' dir='ltr'><strong>En!</strong></span> <span class='ocrx_word' id='word_1_214' title='bbox 495 4717 617 4792; x_wconf 90' lang='lat' dir='ltr'><strong>oriens</strong></span> <span class='ocrx_word' id='word_1_215' title='bbox 635 4719 790 4799; x_wconf 36' lang='lat' dir='ltr'><strong>totasvin</strong></span> <span class='ocrx_word' id='word_1_216' title='bbox 808 4742 877 4795; x_wconf 83' lang='lat' dir='ltr'><strong>uos</strong></span> <span class='ocrx_word' id='word_1_217' title='bbox 893 4718 1085 4796; x_wconf 82' lang='lat' dir='ltr'><strong>effundere</strong></span> <span class='ocrx_word' id='word_1_218' title='bbox 1101 4720 1202 4797; x_wconf 84' lang='lat' dir='ltr'><strong>vires</strong></span> 
     </span>
    </p>

    <p class='ocr_par' dir='ltr' id='par_1_25' title="bbox 402 4823 1401 4925">
     <span class='ocr_line' id='line_1_36' title="bbox 402 4823 1401 4925; baseline 0.001 -26"><span class='ocrx_word' id='word_1_219' title='bbox 402 4823 564 4917; x_wconf 85' lang='lat' dir='ltr'><strong>Nititur,</strong></span> <span class='ocrx_word' id='word_1_220' title='bbox 582 4825 794 4925; x_wconf 83' lang='lat' dir='ltr'><strong>etpedibus</strong></span> <span class='ocrx_word' id='word_1_221' title='bbox 813 4823 961 4902; x_wconf 81' lang='lat' dir='ltr'><strong>fervens</strong></span> <span class='ocrx_word' id='word_1_222' title='bbox 979 4828 1401 4923; x_wconf 76' lang='lat' dir='ltr'><strong>manibusque&#39;cruenta</strong></span> 
     </span>
    </p>

    <p class='ocr_par' dir='ltr' id='par_1_26' title="bbox 402 4930 1175 5031">
     <span class='ocr_line' id='line_1_37' title="bbox 402 4930 1175 5031; baseline 0.006 -27"><span class='ocrx_word' id='word_1_223' title='bbox 402 4930 538 5005; x_wconf 89' lang='lat' dir='ltr'><strong>Vincla</strong></span> <span class='ocrx_word' id='word_1_224' title='bbox 557 4944 684 5031; x_wconf 83' lang='lat' dir='ltr'><strong>parat:</strong></span> <span class='ocrx_word' id='word_1_225' title='bbox 703 4959 772 5007; x_wconf 89' lang='lat' dir='ltr'><strong>nec</strong></span> <span class='ocrx_word' id='word_1_226' title='bbox 789 4932 824 5009; x_wconf 87' lang='lat' dir='ltr'><strong>si.</strong></span> <span class='ocrx_word' id='word_1_227' title='bbox 837 4932 1052 5012; x_wconf 73' lang='lat' dir='ltr'><strong>uarietate</strong></span> <span class='ocrx_word' id='word_1_228' title='bbox 1071 4934 1175 5009; x_wconf 84' lang='lat' dir='ltr'><strong>fuere</strong></span> 
     </span>
    </p>

    <p class='ocr_par' dir='ltr' id='par_1_27' title="bbox 403 5038 1302 5140">
     <span class='ocr_line' id='line_1_38' title="bbox 403 5038 1302 5140; baseline 0.004 -27"><span class='ocrx_word' id='word_1_229' title='bbox 403 5038 528 5114; x_wconf 86' lang='lat' dir='ltr'><strong>Laeva</strong></span> <span class='ocrx_word' id='word_1_230' title='bbox 546 5039 680 5133; x_wconf 86' lang='lat' dir='ltr'><strong>semel,</strong></span> <span class='ocrx_word' id='word_1_231' title='bbox 698 5041 839 5140; x_wconf 83' lang='lat' dir='ltr'><strong>pariter</strong></span> <span class='ocrx_word' id='word_1_232' title='bbox 855 5041 981 5117; x_wconf 78' lang='lat' dir='ltr'><strong>Xerxi</strong></span> <span class='ocrx_word' id='word_1_233' title='bbox 994 5041 1302 5118; x_wconf 81' lang='lat' dir='ltr'><strong>contrariafient.</strong></span> 
     </span>
    </p>
   </div>
   <div class='ocr_carea' id='block_1_5' title="bbox 0 0 2057 6000">
    <p class='ocr_par' dir='ltr' id='par_1_28' title="bbox 0 0 2057 6000">
     <span class='ocr_line' id='line_1_39' title="bbox 0 0 2057 6000; baseline 0 0"><span class='ocrx_word' id='word_1_234' title='bbox 0 0 2057 6000; x_wconf 95' lang='lat' dir='ltr'><strong> </strong></span> 
     </span>
    </p>
   </div>
  </div>
 </body>
</html>
