4084 6000
932 615 1006 688 105

399 832 430 907 Ο
448 857 548 921 mors
567 829 745 905 erudelis!
765 828 924 902 nimium
944 829 1110 902 crudelia
1130 827 1225 902 sata!

502 937 565 1013 Nil
582 963 669 1030 vos,
687 937 768 1010 vita
786 937 881 1010 mihi
899 948 978 1009 tam
996 935 1178 1035 pretiosa,
1197 937 1353 1010 movet‘?
1424 969 1428 976 ·

398 1047 504 1121 Illius
522 1057 562 1120 at
579 1055 757 1121 moveant
775 1046 899 1123 caess
918 1045 1131 1139 candorque
1150 1045 1366 1142 pudorque,

501 1152 624 1243 Quive
642 1153 727 1252 pius
745 1161 824 1226 toto
842 1161 992 1250 pectore
1010 1153 1170 1252 flagrat,
1189 1176 1305 1225 amor.

348 1317 353 1326 .
398 1259 445 1335 nt
463 1261 632 1337 studium
650 1260 812 1359 patriae,
831 1270 868 1332 et
885 1269 1036 1332 tenerae
1054 1259 1190 1332 devota
1208 1259 1382 1334 inventae

462 1437 465 1444 .
502 1367 622 1459 Oura,
640 1368 827 1466 vigorque
846 1367 920 1440 viri
937 1366 1088 1466 singula
1105 1365 1433 1441 membra'foveus.
1451 1431 1454 1438 .

399 1474 702 1573 Necquidquam!
721 1475 864 1550 meritis
882 1499 955 1547 non
974 1484 1030 1547 est
1047 1474 1230 1573 placabile
1249 1473 1381 1548 fatum.

501 1584 608 1658 Iacta
618 1607 734 1680 super
751 1583 917 1656 tumulos
935 1581 1044 1656 irrita
1062 1592 1152 1656 vota
1166 1584 1319 1654 eadunt.
1341 1661 1342 1670 χ
1370 1589 1373 1596 ’
1484 1613 1500 1654 κ

398 1690 616 1773 Pirithoum
632 1690 797 1764 Theseus
814 1688 956 1764 frustra
973 1715 1148 1764 revocare
1165 1689 1331 1780 laborat,
1364 1728 1378 1744 ··

502 1796 667 1874 Victima
683 1797 751 1893 qui
767 1797 847 1871 Diti
864 1797 940 1870 iam
957 1797 1071 1872 semel
1091 1796 1276 1871 occubuit.
1304 1829 1308 1836 ·
1354 1825 1358 1833 ¹
1392 1851 1406 1868 «,
1458 1838 1461 1849 ·
1542 1829 1544 1836 ·

398 1904 545 2004 Orpheo
564 1930 677 1996 saxa,
696 1905 801 1980 lacus
819 1915 966 2002 poteras
984 1915 1023 1977 et
1042 1907 1176 1978 ducere
1196 1904 1328 1976 silvas:
1371 1969 1374 1974 .

502 2011 574 2086 Sed
591 2022 718 2086 tamen
735 2011 968 2112 Eurydicem
985 2014 1032 2086 de
1049 2011 1172 2112 Styge
1191 2037 1265 2085 non
1284 2021 1441 2109 poteras.
1484 2057 1487 2062 n
1547 2075 1551 2084 .

398 2119 582 2194 Praeterit
599 2119 695 2194 hora
712 2118 856 2220 fugax,
873 2129 912 2193 et
929 2129 1079 2192 nostrae
1097 2131 1264 2218 tempora
1282 2117 1383 2192 vitae

501 2225 698 2302 Diminuit.
718 2228 747 2301 F
749 2227 873 2318 ellan,
892 2238 931 2300 et
947 2229 1062 2300 breve
1080 2227 1160 2300 vita
1177 2229 1317 2302 bonum
1335 2237 1402 2300 est.

398 2333 552 2409 Caesare
570 2334 620 2407 sis
639 2336 777 2428 maior,
796 2333 845 2408 sis
864 2334 1025 2435 Hercule
1044 2333 1195 2424 sortior,
1214 2344 1294 2407 esto

501 2441 679 2517 Croesum
697 2443 831 2541 opibus
849 2442 997 2533 vincas,
1015 2453 1054 2516 et
1072 2442 1212 2540 pietate
1230 2441 1411 2516 Numam:

396 2548 486 2623 Tela
503 2574 657 2640 manue,
674 2549 790 2623 animi
809 2561 958 2648 pectuS,
976 2549 1196 2643 validosque
1213 2549 1370 2622 lacertos

500 2657 649 2731 Robora
667 2657 889 2747 destituent,
907 2668 1080 2751 sertaque
1097 2658 1208 2731 docta
1225 2667 1349 2755 caput.

399 2766 608 2863 Persepolis
626 2764 780 2854 cecidit,
797 2765 868 2836 vix
886 2765 1003 2840 Poeni
1021 2776 1077 2837 est
1095 2763 1257 2837 nominis
1276 2766 1430 2838 umbra:

500 2870 582 2950 Non
603 2881 679 2946 stat
695 2872 833 2970 etipsa
850 2897 917 2946 suo
934 2872 1055 2944 Roma
1073 2875 1234 2970 superba
1249 2872 1341 2944 loeo.
1479 2926 1481 2935 .

397 2978 532 3054 Omnia
551 2977 624 3053 fert
641 3006 769 3055 seeum
788 2977 902 3053 tacito
922 2979 1139 3079 pedelapsa
1156 2990 1342 3054 vetustm:

501 3086 548 3161 Et
561 3099 654 3183 «tua,
671 3086 725 3161 mi
743 3088 936 3178 Pinter,
954 3087 1035 3160 vita
1052 3090 1194 3161 caduca
1211 3086 1293 3161 fuit.

397 3193 494 3267 Novi
512 3194 706 3293 equidem3
724 3205 763 3268 et
781 3195 901 3268 siccus
919 3197 1026 3269 fluxa
1045 3196 1171 3269 omnia
1190 3204 1314 3270 mente
1332 3195 1504 3268 revolvo:

502 3300 615 3377 Elicit
625 3315 691 3377 ast
707 3302 883 3377 lacrimas
900 3329 1057 3395 nomen,
1076 3304 1251 3395 amine,
1270 3315 1398 3377 tuum·
1462 3349 1464 3358 ·
1489 3352 1491 3360 ·
1552 3349 1555 3358 ·

396 3408 452 3483 Tu
472 3409 566 3483 mihi
585 3414 707 3485 serino
726 3409 921 3506 frequens,
940 3422 978 3484 te
995 3437 1076 3485 voxr
1093 3436 1176 3485 mea
1194 3434 1302 3511 saepe
1320 3411 1498 3510 reposcit,

501 3518 742 3592 Praesentem
758 3518 858 3592 sistit
876 3543 1027 3613 noxque
1047 3518 1200 3615 diesque
1218 3518 1325 3593 mihi.

396 3624 469 3697 Hic
487 3624 610 3716 stetit,
629 3626 693 3700 hic
710 3626 824 3716 sedit,
842 3652 1028 3717 memoro,
1046 3626 1099 3699 sic
1117 3652 1183 3701 ora
1200 3625 1364 3720 ferebat,

500 3732 581 3807 Hoc
600 3734 724 3823 dedit,
736 3734 814 3806 ‘hoc
830 3759 855 3805 a
872 3760 931 3807 me
950 3736 1091 3834 pignus
1110 3734 1247 3808 amoris
1266 3734 1390 3807 habet.
1485 3792 1488 3799 .
1542 3737 1557 3776 ²'

396 3838 578 3936 Quodque
597 3851 682 3914 tuos
698 3852 840 3915 recreet
859 3866 1007 3932 manes,
1027 3842 1191 3940 suspirat
1209 3844 1428 3939 ademptum

499 3948 599 4022 Pene
618 3947 783 4022 sodalitii
802 3959 882 4021 tota
901 3973 1037 4022 corona
1055 3949 1119 4047 pii.
1209 3993 1212 4002 ›

396 4054 444 4129 Et
460 4055 528 4149 qui
546 4064 583 4129 te
601 4054 753 4129 facilem
764 4055 859 4150 ‚qni
876 4067 914 4128 te
933 4082 1069 4132 novere
1088 4056 1251 4146 labanti,

501 4160 607 4252 Quae
625 4162 787 4254 revelet,
805 4173 991 4262 promtam
1010 4164 1144 4259 cuique
1165 4164 1293 4238 tulisse
1313 4187 1477 4237 manum.

396 4268 600 4367 Praecipue
618 4270 791 4361 iuvenes,
810 4273 1000 4365 quondam
1019 4282 1088 4345 tua
1106 4296 1212 4363 eura,
1231 4271 1374 4366 Deique

500 4376 747 4473 Grandiloqui
765 4378 952 4479 ingenuo,
973 4389 1009 4453 te
1029 4381 1142 4471 duce,
1162 4389 1272 4479 grata
1292 4379 1426 4453 choro:

395 4483 490 4559 Nam
509 4484 602 4580 quid
620 4509 908 4560 commemorem
926 4485 1081 4577 fratreS,
1108 4486 1199 4582 quid
1223 4486 1405 4586 sanguine
1426 4488 1599 4561 iunctos‘?

500 4591 550 4667 Te
570 4593 707 4688 quibus
724 4604 808 4667 ante
828 4594 926 4667 diem
945 4594 1097 4669 sustulit
1115 4605 1196 4669 atra
1215 4594 1310 4668 dies!

395 4699 529 4799 Accipe
548 4700 600 4791 (si
619 4700 710 4795 quid
725 4702 768 4774 id
788 4708 862 4789 est)
881 4702 998 4775 nostri
1017 4704 1249 4777 monimenta
1268 4702 1427 4793 doloris,

499 4806 601 4898 Quas
620 4809 767 4882 tumulo
787 4806 937 4881 inferias
957 4808 1144 4883 mittimus
1164 4809 1265 4884 ecce!
1285 4820 1363 4883 tu0.

358 4909 360 4912 ’
395 4916 674 5011 Aeternumque
692 4915 794 4989 vale!
814 4916 996 4990 sedenim
1015 4943 1159 4993 memor
1177 4941 1295 5012 usque
1312 4929 1481 5007 tuorum,

498 5024 624 5097 Donec
643 5049 710 5097 nos
729 5023 866 5099 iterum
883 5023 1021 5123 iungat
1040 5024 1159 5099 amica
1179 5022 1267 5099 die‘s.
