4084 6000
976 565 1053 642 197

485 777 556 855 Eia
573 780 714 872 Patres,
734 778 847 874 dixit,
865 804 1047 856 memores
1064 778 1218 859 virtutis
1238 781 1381 875 avitae,

383 883 531 982 Nequid
548 911 746 962 romanum
764 889 930 987 patiatur
948 912 1096 980 nomen,
1114 913 1294 989 agamus,

381 991 532 1069 Perfida
550 994 721 1070 destituit
738 1020 797 1070 me
813 1007 940 1071 vestra
958 1003 1109 1071 caterva
1126 1006 1338 1071 monentem

381 1099 678 1197 Hortantemque
697 1104 851 1200 duc'em;
871 1103 1043 1202 captivus
1061 1112 1210 1202 raptor,
1229 1104 1386 1180 eteocel

381 1207 576 1308 Conspicio
595 1210 757 1284 delubra·
770 1211 911 1314 Deum3
930 1209 1123 1310 signisque
1141 1212 1275 1285 deeora

380 1315 503 1410 Atque
521 1315 659 1412 aquilis
676 1315 795 1414 latiis3
819 1317 899 1391 vidi
918 1317 995 1391 sine
1015 1318 1128 1392 caede
1146 1342 1316 1392 meorum
1343 1398 1347 1405 ,
1462 1356 1464 1367 ·

379 1423 553 1523 Direptos
572 1447 688 1515 enses,
705 1424 845 1525 galeas,
863 1434 901 1498 et
920 1421 1033 1498 fortia
1050 1425 1145 1521 tela3
1316 1418 1319 1421 ’

378 1527 479 1620 Quin
497 1529 611 1605 etiarn
628 1529 709 1608 vidi
727 1531 900 1606 manibus
919 1531 1152 1629 pedibusque
1171 1543 1343 1632 gerentes
1361 1590 1368 1601 .

379 1634 544 1712 Vincula
560 1637 747 1714 Romanos
766 1639 876 1713 cives.
896 1639 1052 1713 Terrore
1072 1635 1207 1739 fugato

378 1745 526 1819 Interea
543 1746 686 1820 Poenos
704 1747 882 1820 ducentes
901 1746 979 1820 otia
996 1746 1118 1838 lenta,

380 1853 513 1927 Portas
531 1876 607 1928 non
625 1853 789 1949 clausas3
809 1864 846 1926 et
864 1877 960 1948 quae
977 1853 1083 1951 prius
1101 1877 1193 1926 arva
1210 1856 1368 1952 superbe

379 1958 480 2033 Mars
498 1969 623 2037 noster
639 1959 840 2059 populatus
859 1971 950 2053 erat,
968 1960 1165 2055 victorque
1183 1963 1355 2055 tenebat,
1429 1968 1433 1984 '

380 2065 519 2143 Securo
537 2068 685 2142 Poenus
703 2068 776 2141 late
795 2068 988 2142 scindebat
1006 2077 1141 2141 aratro.

485 2173 563 2248 Ahl
582 2174 717 2264 valeat,
738 2175 953 2270 quicunque
970 2184 1090 2274 putat,
1104 2174 1136 2247 si
1153 2173 1290 2249 martia
1306 2184 1432 2249 turma

378 2281 515 2355 Incidit
533 2280 685 2356 hostiles
702 2281 743 2356 in
761 2305 892 2374 casses,
911 2285 1224 2381 duraqueportat

377 2386 561 2486 Vincula,
578 2388 752 2462 servilem
771 2415 817 2462 ne
835 2413 946 2489 porro
964 2392 1099 2463 ducere
1117 2389 1237 2463 vitam

377 2495 556 2595 Gogatur,
573 2495 716 2595 patriae
735 2520 810 2591 quo
828 2496 945 2595 possit
962 2495 1092 2570 vivere
1111 2496 1285 2595 deinceps

377 2601 501 2696 Utilia,
520 2627 598 2676 esse
616 2602 722 2702 pium
739 2603 858 2701 pretio
877 2627 1052 2678 revocare
1071 2604 1204 2676 soluto.

376 2710 507 2784 Acrior
525 2709 565 2784 in
582 2710 707 2786 hostes
725 2709 833 2784 miles
851 2719 1073 2809 properatne
1091 2711 1311 2784 redemtus?

376 2816 584 2918 Flagitium
602 2827 659 2891 est
677 2841 715 2891 se
733 2841 771 2890 se
790 2818 983 2916 captivum
1001 2820 1168 2891 tradere:
1187 2819 1368 2892 damnum

377 2926 522 3021 Addere
541 2924 687 3025 flagitio
705 2935 761 3000 est
779 2924 929 3025 ignavis
947 2926 1096 3000 demere
1114 2923 1251 3019 vincla,

376 3032 634 3131 Exemploque
652 3033 752 3106 malo
769 3057 872 3107 seros
890 3032 1032 3107 violare
1051 3043 1215 3132 nepotes

378 3138 530 3216 Scilicet
547 3140 650 3215 haud
668 3139 802 3238 recipit
821 3139 1018 3213 dimissum
1036 3141 1124 3215 lana
1141 3141 1313 3215 colorem.

482 3245 522 3324 Si
539 3247 646 3321 cuius
665 3246 787 3321 virtus
806 3250 851 3321 da
870 3258 1019 3345 pectore
1038 3258 1218 3341 cesserat,
1236 3247 1332 3321 illud

376 3353 516 3453 Utpote
535 3354 710 3447 deterius
728 3379 879 3428 rursum
898 3366 1013 3455 negat
1031 3355 1098 3429 illa
1117 3355 1263 3429 subire„
1405 3393 1410 3404 ·

375 3460 574 3536 Extricata
591 3461 716 3561 plagis
734 3461 856 3537 densis
875 3487 966 3536 num
986 3486 1097 3536 cerva
1115 3463 1332 3563 repugnat?

376 3566 478 3660 Quin
497 3569 612 3644 silvas
631 3568 768 3668 repetit
786 3568 933 3670 potiuS,
952 3570 1145 3665 saltusque
1163 3570 1339 3644 virentes.

479 3676 640 3751 Fallitur
657 3676 726 3751 ahl
746 3676 925 3773 nimium3
946 3673 1083 3751 fortem
1102 3678 1318 3784 quicunque
1337 3675 1510 3752 futurum

374 3783 502 3860 Credit
520 3780 618 3875 eum,
637 3783 766 3859 timuit
785 3784 852 3879 qui
870 3794 1051 3876 mortem,
1062 3795 1100 3858 et
1116 3786 1197 3858 lora
1214 3784 1362 3859 lacertis

372 3892 454 3965 Iam
473 3892 622 3991 captiva
638 3891 728 3966 tulit
746 3888 945 3988 restrictis3
965 3891 1080 3986 quive
1098 3891 1225 3965 subire

373 3998 538 4073 Hostiles
555 3998 679 4098 potuit
695 4008 826 4091 terras,
844 4022 1045 4103 epsemque
1063 4024 1258 4073 coruscum

374 4105 498 4183 Gessit
515 4105 634 4203 iners3
652 4130 719 4179 nec
739 4130 784 4179 se·
795 4103 974 4198 defendit,
993 4131 1061 4179 nac
1079 4106 1268 4182 nocituros

372 4214 415 4287 In
434 4214 560 4289 hostes
579 4213 678 4288 ictus'
687 4212 878 4288 'vibravitz
898 4212 1077 4311 supplicis
1093 4215 1212 4288 instar

324 4326 327 4332 '
373 4319 446 4396 Sed
463 4321 539 4395 tela
557 4321 714 4413 abiecit,
733 4320 904 4420 captivus
922 4320 1072 4414 vivere,
1089 4346 1204 4417 quam
1222 4346 1261 4395 se

372 4428 603 4504 Vulneribus
621 4428 809 4525 mortique
828 4426 962 4502 offerre
978 4430 1155 4527 paratior.
1174 4430 1242 4503 Ille

371 4537 547 4612 Proditor
564 4536 627 4611 ille
647 4560 736 4610 suae
754 4535 917 4634 patriae,
934 4536 1132 4637 gentisque
1149 4536 1288 4610 latinae
1306 4546 1371 4610 est.

369 4643 559 4719 Dedecus!
579 4644 682 4719 haud
700 4643 807 4718 novit
824 4642 956 4735 vitam,
975 4669 1185 4741 nomenque
1203 4670 1361 4743 perenne

373 4751 483 4827 Unde
501 4750 573 4827 sibi
592 4749 704 4827 fortes
722 4760 935 4826 mercantur
953 4751 1085 4825 Martis
1104 4751 1257 4827 alumni.

373 4859 493 4933 Instat
509 4884 640 4960 pugna
659 4856 780 4952 ferox,
799 4884 874 4932 non
886 4844 1027 4933 ‘desunt
1045 4884 1165 4953 arma,
1183 4884 1250 4934 nec
1267 4859 1405 4934 hostes.

372 4966 665 5069 Congredimur3
683 4967 824 5046 titubat
842 4988 1018 5069 praesens
1032 4967 1212 5063 victoria,
1230 4968 1380 5045 laurum
