4084 6000
990 679 1039 754 69

436 893 565 969 Prisca
582 892 680 966 redit
695 893 839 984 virtus,
856 892 1120 994 languentibus
1139 903 1287 968 aestuat
1306 896 1435 991 ardor,

544 999 702 1095 Statque
720 1027 830 1074 suum
849 1001 985 1093 musis,
1004 1003 1107 1096 quod
1125 1025 1314 1092 meruere,
1334 1004 1459 1076 decus,

436 1107 589 1182 Talibus
609 1106 765 1207 inceptis
785 1108 876 1203 quid
895 1133 969 1182 non
988 1133 1071 1206 spes
1090 1101 1260 1182 maxima
1278 1107 1443 1208 iungat?

540 1214 693 1289 Phoebe
710 1215 785 1290 tuis
805 1228 962 1315 surgent
981 1216 1103 1289 saecla
1121 1218 1232 1289 beata
1251 1216 1381 1289 sacris!

435 1321 616 1422 Auguror
633 1323 757 1412 (haud
774 1333 880 1396 vates
898 1325 1160 1396 tantummodo
1179 1347 1279 1396 rana
1296 1323 1515 1418 loquuntur

542 1429 715 1520 Somnia,
733 1429 817 1524 quis
836 1442 942 1504 vates
963 1455 1102 1502 numen
1121 1430 1259 1504 habere
1279 1438 1411 1529 neget)
1421 1435 1441 1506 ‘l

436 1538 614 1637 Auguror
631 1549 669 1610 et
686 1537 783 1610 tanti
802 1536 897 1610 mihi
916 1563 990 1612 non
1008 1538 1206 1636 praesagia
1224 1538 1381 1633 cornix,

540 1642 584 1717 In
602 1653 648 1717 16
667 1645 731 1716 sed
749 1646 929 1718 dederant
947 1645 1091 1717 semina
1109 1639 1210 1717 iacta
1228 1645 1328 1718 boni.

435 1751 504 1824 Illa
521 1760 654 1851 potens
673 1751 791 1826 Conso
810 1778 935 1842 mens,
954 1751 1129 1825 acsimul
1148 1751 1213 1824 illa
1231 1777 1380 1825 serenae

539 1858 689 1933 Frontis
707 1859 921 1956 temperies,
939 1858 1196 1958 ignifluusque
1214 1859 1345 1957 vig0r3

435 1965 504 2038 Illa
522 1966 655 2040 decens
675 1965 1172 2065 gravitaS,fet111nquoque
1191 1967 1344 2040 Pallade
1362 1977 1513 2066 pectuS,

541 2073 781 2168 Alloquiique
799 2075 911 2148 simul
929 2074 1054 2173 gratia
1072 2075 1193 2148 multa
1212 2074 1305 2169 tui,

437 2177 630 2274 Omneque
649 2181 812 2278 pestanis
831 2182 974 2254 dudum
993 2181 1169 2280 perdulce
1189 2181 1407 2279 palaestris,
1441 2226 1445 2234 ι

539 2287 690 2362 Pisonio
708 2289 864 2387 posthac
883 2299 1037 2388 sparget
1055 2292 1102 2361 ab
1122 2313 1194 2386 axe
1213 2287 1334 2362 iubar.

432 2394 607 2488 Iamque,
626 2421 750 2468 comas
768 2398 926 2469 adsueta
943 2407 1053 2469 tuas
1074 2395 1314 2494 praecingere
1333 2395 1486 2485 lauruS,

537 2502 567 2575 F
569 2502 749 2577 rondibus
768 2503 935 2601 occoepit
952 2503 1052 2576 laeta
1070 2503 1192 2576 virere
1211 2502 1329 2576 novis.

433 2606 492 2682 Te
510 2622 721 2684 memorant
738 2621 905 2689 matrum
919 2609 1141 2686 'dulcissima
1158 2610 1340 2708 pignora,
1359 2633 1493 2684 nomen

540 2717 724 2790 Discendo
743 2719 870 2790 blaesa
888 2719 1043 2790 reddere
1060 2743 1152 2790 voce
1173 2729 1318 2792 tuum.

433 2821 492 2896 Te
511 2823 603 2897 laeti
621 2825 811 2898 celebrant
829 2824 1003 2915 iuvenes,
1021 2825 1277 2918 iuvenumque
1297 2822 1492 2923 magistri,

536 2931 728 3010 Praesidio
747 2931 840 3007 certi
858 2930 984 3005 fausta
1002 2931 1132 3005 venire
1151 2941 1203 3005 tu
1215 2957 1247 3004 o.

436 3038 560 3134 Teque
579 3065 720 3113 novum
739 3040 958 3130 Phoebum,
976 3040 1157 3115 Pisonum
1177 3042 1261 3113 sede
1281 3038 1502 3129 micantem,

536 3146 731 3220 Musarum
750 3148 932 3244 plaudens
950 3151 1064 3220 turba
1082 3173 1229 3221 novena
1246 3146 1361 3221 videt.

433 3252 521 3346 Eia,
541 3279 633 3353 age,
651 3254 831 3328 laetantes
851 3254 997 3352 placido
1017 3254 1259 3353 circumspice
1277 3253 1406 3327 vultui

536 3361 713 3459 Auspicio
730 3372 904 3435 crescunt
921 3362 1063 3461 gaudia
1081 3373 1222 3457 quanta
1239 3373 1291 3435 tu
1302 3361 1342 3433 ol

434 3466 537 3559 Quae
558 3468 701 3567 patriae
719 3481 873 3567 patrum
891 3469 1118 3560 certissima,
1137 3492 1307 3564 quaeque
1326 3478 1535 3566 parentum.

538 3575 781 3671 Exaequent,
801 3575 999 3674 Orgler,
1017 3588 1129 3663 vota,
1147 3577 1276 3650 videre
1294 3587 1430 3649 tuum
1449 3588 1517 3648 est.

432 3681 601 3756 Maxima
618 3684 721 3778 (quis
739 3684 856 3757 nescit
866 3685 906 3772 (Β)
926 3708 1016 3757 cura
1035 3685 1128 3757 haec
1148 3682 1221 3757 fuit
1240 3707 1359 3776 usque
1378 3680 1535 3773 Latinis,

538 3790 823 3890 Cecropiisque,
840 3792 939 3863 bono
959 3802 1093 3865 cuncta
1112 3800 1247 3863 stetere
1265 3790 1371 3863 locos

431 3897 482 3971 At
499 3896 611 3971 simul
630 3924 652 3971 a
671 3898 775 3971 cunis
795 3895 919 3972 fuerat
938 3898 1109 3997 neglecta
1127 3897 1324 3984 iuventus,

535 4003 638 4079 Heu!
659 4015 845 4099 quantum
863 4030 885 4077 a
904 4000 1051 4103 magnis
1071 4003 1318 4103 degeneravit
1338 4002 1436 4075 avis!

433 4111 571 4211 Sponte
591 4111 859 4187 Themistocles
878 4126 1069 4185 cessarunt
1088 4123 1201 4206 atque
1221 4111 1395 4205 Solense,

536 4218 670 4292 Nullus
688 4231 769 4294 erat
786 4220 947 4309 Brutus,
969 4217 1093 4317 Scipio
1112 4218 1238 4293 nullus
1257 4217 1354 4295 erat!

431 4325 493 4400 Nil
510 4326 635 4400 nobis.
657 4326 859 4427 Orgler,
872 4340 918 4400 16
936 4326 1105 4423 praeside
1123 4327 1198 4400 tale
1217 4325 1427 4399 timendum
1448 4333 1523 4397 est:

534 4434 733 4508 Blanditur
750 4435 844 4508 velis
862 4459 956 4507 aura
973 4436 1138 4507 secunda
1157 4434 1271 4508 tuis.

430 4542 561 4640 Arripe
579 4541 657 4615 iam
674 4542 829 4632 viduas,
850 4542 952 4635 quod
969 4552 1105 4633 restat,
1124 4551 1293 4640 promtus
1312 4540 1499 4633 habenas,

514 4683 517 4695 ·
535 4651 720 4723 Accedent
739 4648 858 4723 titulis
876 4648 964 4721 hinc
983 4674 1083 4722 nova
1102 4650 1210 4749 signa
1229 4646 1344 4721 tuis

431 4757 596 4847 Interea,
615 4769 901 4850 tenerum-quae
920 4766 967 4829 te
987 4754 1115 4830 fouere
1136 4755 1325 4843 sodalem,

536 4863 820 4954 Schemnicziis,
838 4888 923 4955 oro,
942 4888 1057 4963 perge
1077 4862 1207 4939 favere
1228 4860 1375 4943 scholis.

902 5082 1113 5101 m
