4084 6000
1057 633 1133 708 174

463 845 682 944 Adspireut‚
700 867 853 919 moneo:
873 857 997 920 vestro
1016 847 1232 944 depectere
1250 869 1444 942 nunquam

466 951 676 1026 Exciderit:
697 952 794 1025 nihil
811 961 868 1026 est
887 953 988 1026 omni
1006 953 1053 1027 de
1072 964 1177 1052 parte
1195 955 1360 1028 beatum.

569 1057 641 1132 Hic
658 1068 801 1152 tumet,
818 1069 857 1133 et
874 1057 996 1157 primo
1015 1057 1156 1134 incedit
1172 1059 1347 1134 sublimis
1366 1059 1404 1132 in
1423 1071 1544 1152 ostro,

465 1164 593 1238 Elatus
611 1162 754 1256 fronte,
773 1174 810 1238 et
828 1187 943 1239 curru
960 1177 1132 1242 vectatus
1149 1168 1315 1263 eburn03

464 1271 511 1346 Et
528 1270 665 1345 mensis
683 1267 823 1346 fruitur
839 1270 975 1364 lautis,
993 1294 1202 1368 censusque
1220 1282 1400 1371 nepotum

464 1377 657 1474 Induitur3
675 1379 740 1480 sed
756 1388 795 1451 et
812 1376 875 1452 hic
893 1378 1076 1478 suspirat:
1096 1389 1268 1478 tempora
1285 1378 1387 1452 vitae

462 1484 567 1558 More
584 1484 735 1558 fluentis
753 1508 873 1580 aquae
891 1486 1117 1582 decurrunt3
1134 1484 1265 1559 vivere
1284 1508 1422 1584 paucos
1451 1530 1455 1534 -

463 1592 574 1666 Posse
593 1591 724 1664 datum
742 1601 799 1664 est
816 1615 933 1686 annos
950 1591 1115 1683 homini:
1134 1591 1210 1665 iam
1228 1593 1331 1666 lenta
1349 1601 1518 1666 senectus

462 1696 673 1794 Obstrepit,
692 1707 730 1770 et
746 1697 887 1772 tumuli
905 1698 1088 1796 pallentia
1106 1694 1252 1797 frigora
1268 1697 1430 1772 terrenti
1481 1748 1484 1755 -

567 1801 715 1877 Educat
733 1803 796 1877 hic
814 1804 941 1880 dulces
959 1815 1087 1896 natos,
1106 1815 1146 1878 et
1161 1804 1306 1904 gaudio
1323 1827 1420 1903 puro

462 1912 618 1986 Pectore
636 1934 745 2008 saepe
764 1908 889 2002 fovet,
908 1911 1000 1984 dum
1017 1912 1147 1987 blaeso
1164 1909 1341 2010 frangere
1358 1932 1471 1984 voces

461 2016 535 2092 Ore
553 2016 681 2114 audit3
699 2016 829 2092 reduci
846 2017 992 2092 soboles
1010 2019 1104 2092 dum
1116 2038 1316 2110 occurrere
1331 2018 1475 2116 gaudet

462 2125 587 2199 Parva
605 2122 705 2221 patri
722 2123 884 2216 blando,
902 2134 941 2198 et
958 2123 1064 2217 lusus
1081 2147 1236 2199 narrare
1252 2133 1429 2197 recentes.
1486 2189 1492 2200 .

461 2229 587 2304 Eheu!
606 2254 721 2325 quam
739 2228 908 2315 instabili
918 2240 1127 2306 versentur
1142 2229 1286 2330 gaudia
1301 2230 1432 2303 vultu!

462 2336 530 2410 Ille
548 2336 851 2436 domueoculus,
869 2336 1018 2437 generis
1036 2359 1141 2436 spes,
1158 2361 1311 2436 gemma
1327 2349 1526 2435 parentum

461 2441 630 2534 Occidit,
647 2453 686 2516 et
704 2443 806 2517 tristi
823 2442 963 2543 mergit
980 2443 1044 2542 pia
1061 2443 1205 2543 gaudia
1222 2443 1340 2516 luctu.

567 2547 682 2641 Sunt,
700 2548 839 2645 quibus
858 2549 1035 2650 ingentes
1052 2560 1235 2647 rumpunt
1251 2570 1346 2648 pene
1364 2548 1500 2621 horrea
1516 2573 1674 2624 messes:

462 2655 576 2730 Prata
593 2676 732 2756 greges
748 2667 899 2730 centum
916 2668 1097 2756 pascunt,
1115 2655 1372 2730 conterminus
1391 2656 1466 2729 illis

462 2761 576 2837 Collis
593 2761 773 2861 purpurei
791 2762 968 2862 propinat
985 2765 1085 2836 dona
1103 2762 1234 2864 Lyaei.
1285 2781 1290 2788 ’

461 2871 511 2942 At
528 2893 619 2943 vero
638 2868 740 2969 ignis
758 2870 856 2943 edax
874 2879 986 2944 vorat
1003 2869 1163 2961 horrea,
1181 2893 1322 2969 pascua
1340 2865 1466 2942 foedat

461 2976 552 3051 Dira
568 2976 670 3069 lues,
688 2973 829 3051 Bacchi
846 2977 908 3051 vel
925 2977 1117 3078 grando
1135 2986 1290 3072 quassat
1308 2975 1500 3049 honorem.

387 3100 391 3107 ’
462 3086 616 3174 luunc,
636 3095 749 3179 atque
768 3081 907 3157 horum
925 3083 1122 3158 dominum
1142 3083 1203 3157 dic
1221 3107 1301 3157 esse
1319 3083 1491 3158 beatum!

565 3189 643 3263 Vos
660 3200 787 3264 tamen
805 3190 910 3264 haud
927 3215 1025 3264 vane
1043 3189 1210 3264 dicemus
1229 3187 1326 3263 forte
1343 3190 1493 3281 beatos,

459 3294 535 3386 Qui
552 3294 673 3369 colitis
690 3321 836 3389 musas,
855 3307 893 3370 et
911 3321 1006 3393 quos
1023 3295 1229 3394 penetralia
1246 3295 1391 3371 Phoebi

460 3400 668 3501 Excipiunt
685 3403 794 3477 lauro
812 3402 1000 3502 insignes,
1017 3412 1192 3497 sertoque
1210 3401 1376 3501 perenni.
1437 3473 1440 3476 ,
1566 3455 1568 3460 -

321 3530 324 3538 ·
460 3509 539 3583 Vos
557 3509 747 3584 celebrant
763 3508 907 3608 patriae
926 3509 1048 3601 cives,
1066 3507 1250 3604 fastisque
1268 3518 1448 3583 notantur

460 3606 620 3691 Nomina
638 3624 784 3690 vestra:
803 3615 893 3691 boni
910 3616 1130 3691 laudabunt
1141 3639 1251 3718 saepe
1268 3625 1432 3714 nepotes.

565 3722 733 3798 Pulchra
750 3722 907 3818 quidem
924 3723 1008 3797 laus
1027 3733 1084 3797 est
1102 3721 1512 3796 famamtranscribere
1530 3722 1683 3796 saeclis:

461 3827 594 3927 Aspice
612 3830 677 3903 sed
695 3827 865 3925 quisquis
882 3830 1000 3903 talem
1017 3840 1180 3904 venatur
1197 3828 1401 3920 honorem,

461 3935 513 4009 Ut
530 3934 608 4009 ruit
625 3946 713 4010 ante
731 3935 832 4032 diem
849 3936 890 4010 in
906 3935 1117 4011 tumulum!
1136 3934 1205 4008 vix
1225 3934 1374 4008 ossibus
1391 3935 1542 4010 haeret:

459 4042 631 4117 Defluxit
648 4042 760 4117 vultu
779 4044 882 4117 color
898 4042 1040 4139 omnis,
1059 4043 1206 4116 visoera
1222 4043 1332 4115 tardo

460 4149 615 4223 Munere
633 4145 865 4248 funguntur3
883 4149 1047 4249 languor
1063 4172 1133 4248 per
1149 4149 1321 4223 membra
1337 4161 1515 4247 pererrat.

564 4253 649 4328 Rex
667 4267 704 4330 et
722 4254 850 4354 inops,
867 4254 1073 4351 Davusque
1090 4254 1226 4345 miser,
1244 4252 1311 4350 qui
1328 4254 1465 4329 martia
1482 4255 1596 4329 iactat

459 4361 550 4436 Tela
567 4359 697 4454 ferox,
715 4373 753 4437 et
770 4362 838 4457 qui
856 4358 1059 4463 podalyria
1075 4384 1182 4435 saera
1197 4357 1459 4455 frequentant,

459 4468 615 4542 Incertis
634 4479 770 4543 nutant
787 4467 957 4559 vicibus,
975 4491 1142 4562 casuque
1159 4464 1335 4541 seruntur

460 4574 684 4673 Praecipiti:
704 4599 793 4649 vere
812 4574 910 4647 nihil
929 4574 1033 4647 omni
1052 4598 1102 4648 ex
1120 4584 1227 4673 parte
1244 4572 1399 4648 beatum
1416 4571 1492 4646 estl
