4084 6000
385 887 569 964 Miltiadis
588 887 695 960 videt
712 887 855 961 interea
874 885 958 961 fora
975 889 1192 987 templaque
1209 889 1320 987 plena

386 993 600 1088 LaudibuS,
618 1004 655 1070 et
673 995 876 1093 pulchrum
894 993 970 1069 late
989 994 1136 1095 fulgere
1153 1006 1370 1100 tropaeum,

386 1103 505 1178 Marte
523 1104 623 1199 quod
642 1101 801 1176 emeruit
820 1103 916 1175 dura
933 1102 1167 1177 Marathonis
1185 1129 1308 1177 arena.

386 1211 468 1311 Ipse
486 1235 555 1302 ne,
573 1208 741 1300 dicebat,
760 1209 904 1283 cunctis
923 1211 1120 1309 despectus
1139 1221 1176 1285 et
1193 1235 1348 1310 exspes,

386 1316 460 1408 Qui
480 1327 679 1416 superant,
698 1341 814 1390 annos
832 1318 1058 1391 traducam?
1077 1315 1242 1417 turpiter
1258 1319 1337 1417 ipse

385 1423 434 1500 Et
451 1425 600 1499 Baccho
619 1435 656 1498 et
674 1423 810 1498 Veneri
827 1423 958 1498 vivam
976 1427 1158 1518 devotus,
1177 1450 1343 1500 amaram

386 1532 565 1606 Victurus
584 1533 775 1628 quondam
794 1531 988 1624 ¹(victurus
1004 1530 1100 1606 forte
1112 1532 1140 1622 l)
1159 1535 1379 1608 senectam?

385 1637 469 1714 Non
487 1640 561 1713 ita:
580 1649 680 1713 stant
698 1637 847 1714 validae
864 1637 975 1712 firmo
995 1638 1091 1713 mihi
1110 1664 1262 1739 corpore
1281 1640 1404 1733 vires,

386 1745 548 1822 Brachia
567 1743 663 1820 ferre
682 1746 811 1820 valent
830 1746 1030 1846 clypeum,
1049 1771 1118 1820 nec
1137 1749 1272 1822 dextra
1290 1745 1451 1842 fatiscit,

387 1852 641 1945 Quantumvis
660 1877 811 1927 onerem
829 1853 915 1926 telis
933 1853 1127 1950 hastisque
1146 1855 1300 1928 sonoris.

387 1961 454 2038 Est
472 1961 587 2036 etiam
607 1985 712 2036 mens
732 1970 820 2059 apta
838 1959 945 2035 bonis
964 1970 1000 2034 et
1019 1959 1143 2034 fertile
1162 1973 1294 2060 pectus
1382 2003 1386 2011 ,

388 2067 571 2144 Consiliis.
590 2068 728 2144 Procul
748 2068 799 2141 ite
817 2067 908 2142 ioci!
927 2068 1060 2166 procul
1079 2066 1130 2142 ite
1148 2059 1347 2161 iuuentae,

388 2174 464 2266 Qui
482 2174 587 2276 turpi
604 2176 747 2248 dudum
765 2173 941 2250 tenuistis
960 2177 1160 2274 compede,
1179 2175 1302 2250 lusus!

493 2282 674 2358 Dixerat:
694 2292 731 2355 et
748 2307 897 2356 sursum
915 2293 1112 2380 properat,
1129 2293 1379 2382 properatque
1399 2287 1593 2382 deorsum,

388 2388 508 2464 Natus
526 2388 593 2464 ubi
610 2388 734 2464 fuerat
751 2411 1015 2489 permagnam
1035 2389 1208 2489 Cecropis
1227 2392 1372 2466 urbem.

388 2496 550 2595 Tempus
569 2506 669 2590 erat,
688 2520 764 2592 quo
783 2505 894 2597 grata
913 2495 1018 2591 quies
1038 2495 1284 2592 hominesque
1303 2521 1487 2594 canesque

388 2603 436 2680 Et
453 2603 625 2678 volucres
644 2603 805 2695 mulcet,
823 2602 1199 2698 relevans'curasque
1217 2602 1391 2696 diurnae,

388 2711 456 2804 Et,
474 2709 579 2807 queis
597 2711 713 2811 longa
731 2709 810 2785 dies
829 2720 982 2783 exercet
999 2713 1190 2801 membra,
1209 2709 1367 2785 labores

388 2819 471 2918 Ipse
488 2829 616 2892 torum
633 2816 777 2916 pariter
791 2819 905 2916 petit,
922 2816 1136 2912 invitatque
1154 2841 1337 2914 soporem.

388 2924 550 3001 Lumina
567 2925 695 3000 clausa
716 2923 872 3024 premit,
892 2922 1060 3022 disponit
1077 2923 1242 2997 molliter
1258 2934 1374 3000 artus.

389 3032 686 3129 Necquidquam.
705 3031 878 3132 Fugiunt
896 3031 1014 3130 optati
1033 3030 1179 3106 lumina
1197 3032 1334 3125 somni,

388 3139 437 3214 Et
454 3138 558 3241 fugit
576 3139 676 3213 alma
694 3138 811 3236 quies
839 3136 1026 3228 Quamvis
1044 3163 1122 3212 uox
1140 3162 1252 3212 caeca
1268 3139 1433 3215 tenebris

389 3246 554 3322 Involvit
572 3247 740 3339 coelum,
756 3246 871 3320 rebus
888 3245 1101 3342 demsitque
1120 3246 1280 3341 colores:

388 3353 494 3429 Illius
514 3364 600 3428 aute
618 3352 745 3428 oculos
764 3362 892 3429 tamen
909 3362 965 3456 est
984 3350 1146 3428 sublime
1165 3364 1360 3452 tropaeum

389 3460 590 3554 Miltiadis,
609 3459 722 3560 positi
740 3470 1029 3535 monumentum
1047 3462 1193 3561 grande
1210 3462 1361 3551 laboris

390 3567 515 3667 Eripit
533 3568 621 3641 inde
639 3579 722 3643 toro
743 3592 845 3659 sese,
863 3578 900 3642 et
918 3565 1074 3642 festinat
1091 3568 1270 3664 anhelus,

391 3673 557 3776 Pertigit
574 3685 691 3771 utque
710 3673 858 3767 forum,
876 3674 1077 3769 medioque
1096 3673 1178 3749 foro
1196 3675 1302 3749 videt
1320 3675 1436 3750 altam

390 3782 574 3858 Miltiadis
593 3792 768 3857 statuam.
786 3782 908 3857 Prohl
921 3792 1099 3880 tempora
1116 3781 1266 3874 vivere,
1285 3781 1405 3875 dixit,

392 3888 546 3981 Martia,
564 3889 669 3985 queis
687 3889 810 3963 virtus
829 3898 934 3963 tanto
953 3891 1155 3962 decoratur
1172 3888 1351 3980 honore,
1489 3899 1492 3910 ’

392 3997 440 4073 Et
456 4007 584 4071 tamen
601 3996 781 4097 ignavam
798 4006 855 4070 tot
872 3995 1003 4071 lustris
1022 3997 1158 4085 ducere
1175 3994 1313 4071 vitam!

392 4102 563 4179 Poeuitet
581 4102 675 4177 heu!
694 4102 828 4177 melius
846 4101 944 4177 divil
962 4127 1030 4201 per
1047 4101 1291 4195 sideraiuro,

392 4212 539 4308 Perque
557 4216 692 4303 tuum,
706 4209 767 4283 vir
783 4219 941 4310 magne,
960 4212 1074 4283 decus
1092 4219 1330 4305 statuamque
1344 4232 1559 4307 perennem.

392 4318 460 4393 llle
478 4316 769 4411 Themistocles,
787 4316 906 4415 patris
925 4340 1042 4408 crux,
1060 4318 1221 4390 dedecus
1237 4315 1406 4390 hucdum

393 4426 460 4500 Ille
480 4423 539 4500 sui
555 4423 725 4525 generiS,
746 4423 903 4521 summis
920 4423 1106 4516 heroibus
1117 4422 1258 4497 isthinc
1339 4470 1342 4474 -

393 4534 469 4608 Par
488 4532 592 4631 eupit
609 4554 706 4627 esse3
725 4554 793 4605 nec
811 4540 868 4604 est
886 4532 990 4627 quod
1006 4529 1156 4605 'fervida
1172 4540 1262 4605 vota
1279 4540 1456 4604 moretur.

393 4637 528 4714 Noctes
547 4649 660 4735 atque
678 4636 757 4711 dies
775 4661 923 4736 mecum
940 4636 1102 4737 vigilate
1119 4662 1271 4711 severae

394 4746 533 4838 Curae,
552 4769 691 4845 perque
710 4744 791 4818 vias
811 4736 963 4819 comites
981 4743 1079 4818 mihi
1097 4768 1266 4841 quasque
1282 4742 1418 4816 venite.
1434 4759 1438 4769 ·

499 4850 741 4954 Digreditur:
760 4852 826 4926 sed
843 4850 966 4942 enim,
984 4851 1087 4945 quod
1105 4861 1284 4942 voverat,
1301 4848 1432 4923 haeret
1448 4850 1489 4923 in
1506 4848 1592 4923 imis

396 4959 570 5053 Ossibus,
589 4968 626 5033 et
643 4960 720 5033 late
737 4982 804 5058 per
821 4956 972 5058 singula
988 4960 1159 5032 membra
1175 4956 1397 5056 triumphat.

396 5064 518 5158 Quem
536 5089 656 5166 nuper
673 5064 818 5141 socium
835 5088 997 5159 nequam
1016 5060 1159 5139 duxere
1176 5063 1342 5156 sodales,
1373 5166 1421 5243 12

1429 5174 1448 5212 1
