4084 6000
1009 637 1082 713 166

410 846 623 947 Adstringit
641 848 826 940 numeris,
846 850 949 926 rutili
968 851 1144 945 viresque
1162 851 1345 929 trahentis

412 953 507 1028 Solis
526 964 564 1027 et
582 953 767 1054 implexos
785 967 972 1030 astrorum
990 956 1142 1056 dispicit
1160 961 1278 1033 orbes.

408 1061 547 1135 Abdita
565 1073 720 1136 naturae
739 1061 898 1136 rimatur
915 1063 1067 1138 sedulus
1082 1064 1169 1155 ille,

408 1165 591 1262 Aequoris
609 1167 671 1241 1111
690 1170 826 1242 refluas
843 1181 948 1244 notat
966 1172 1107 1261 undas,
1126 1170 1347 1266 omniaque,
1365 1174 1443 1248 alto

408 1273 513 1364 Quae
532 1274 634 1348 coelo
653 1273 838 1368 terrisque
856 1275 982 1366 videt,
1000 1276 1183 1353 miracula
1200 1303 1327 1352 rerum

408 1379 562 1480 Ingenio
580 1381 728 1472 subdit,
747 1381 947 1476 studioque
965 1382 1136 1456 imitatur
1153 1394 1192 1458 et
1209 1396 1302 1458 arte.

408 1491 475 1560 Ast
493 1487 605 1562 multi
623 1489 743 1587 legeS,
761 1499 985 1584 aeternaque
1007 1514 1164 1564 munera
1180 1491 1333 1590 legum,

408 1593 456 1667 Et
475 1604 652 1693 retegunt
668 1593 774 1689 queis
792 1593 893 1670 alma
910 1595 1085 1686 Themis,
1103 1595 1210 1691 queis
1227 1597 1389 1674 candida
1404 1603 1549 1698 gaudet

366 1745 368 1748 .
408 1701 478 1773 llla
496 1699 692 1773 hominum
711 1711 835 1775 custos
853 1702 1018 1778 Astraea.
1037 1701 1256 1778 Machaonis
1274 1704 1350 1778 aris

409 1807 504 1880 Liba
522 1804 649 1881 serunt
667 1806 798 1900 multi,
816 1818 933 1882 tetras
952 1811 998 1884 de
1017 1833 1171 1914 corpore
1190 1808 1313 1885 febres

408 1914 571 2004 Pellere,
590 1924 628 1987 et
646 1912 781 1987 intenti
800 1911 935 1990 falcem
953 1915 1153 2014 prohibere
1170 1915 1368 1992 minacem.

408 2019 480 2093 Hic
497 2019 587 2094 colit
605 2019 768 2095 Aonidas
786 2020 1079 2116 Phoebumque,
1098 2035 1136 2097 et
1154 2025 1451 2121 temporalauro

408 2125 558 2201 (linctus
577 2126 746 2228 hyanteo
765 2124 941 2226 perfundi
959 2128 1127 2202 flumine.
1133 2127 1250 2229 gestit

408 2231 596 2306 Invidiam
614 2244 782 2307 temnens
801 2245 838 2307 et
855 2233 982 2308 inania
1001 2260 1198 2313 murmura
1215 2236 1338 2334 vulgi.

512 2338 649 2414 Fervet
666 2339 808 2436 ubique
826 2341 942 2416 labor.
962 2341 1040 2416 Ocu
1059 2342 1218 2441 pulchro
1235 2367 1325 2416 vere
1343 2369 1410 2441 per
1428 2368 1561 2442 agrae,

409 2447 503 2520 Cum
519 2444 643 2545 pictae
661 2447 920 2545 glomerantur
937 2472 1046 2547 apes,
1064 2460 1101 2524 et
1119 2450 1234 2522 florea
1251 2448 1374 2523 libant

409 2552 607 2627 Germina:
626 2577 712 2651 pars
730 2577 833 2626 ceras
852 2554 1000 2646 condit,
1018 2578 1106 2653 pars
1124 2580 1239 2630 aurea
1257 2554 1373 2655 stipat

409 2659 521 2733 Mella
540 2659 661 2750 cadis,
679 2671 901 2758 reparatque
920 2659 1054 2736 hiemis
1071 2661 1286 2737 tristissima
1303 2664 1451 2737 damna.

409 2765 484 2839 Nec
502 2790 607 2838 mora
623 2790 690 2838 nec
707 2766 856 2862 requies
874 2767 954 2841 ulla
972 2779 1045 2842 est:
1064 2767 1141 2842 late
1158 2767 1285 2843 omnia
1303 2767 1445 2842 circum
1548 2819 1551 2824 -

410 2874 525 2947 Prata
543 2884 675 2945 sonant
694 2869 888 2968 fontesque
906 2874 1006 2949 ultro
1026 2873 1196 2968 citroque
1215 2874 1409 2959 meantum

408 2978 580 3080 Agmine.
599 2978 763 3055 Pulcher
780 3004 886 3054 amor
903 2980 1044 3073 laudis,
1061 2981 1122 3056 cui
1141 2981 1308 3079 praemia
1325 2976 1444 3082 digna

409 3090 614 3161 Laetantur
633 3085 759 3187 iungi,
779 3088 966 3164 demulcet
983 3099 1135 3188 pectora
1154 3089 1310 3183 quaevis

387 3196 439 3267 'F
450 3192 675 3266 rancisco
694 3193 836 3292 patriae
855 3205 970 3291 patre.
990 3194 1050 3269 Sic
1069 3196 1238 3269 saturnia
1256 3196 1377 3269 lustra

411 3302 603 3400 Surgunt,
618 3311 730 3393 atque
749 3324 867 3374 novus
886 3300 1094 3375 saeclorum
1113 3302 1280 3376 nascitur
1297 3303 1399 3376 ordo.

659 3615 772 3697 Status
791 3612 931 3698 orientis
949 3618 983 3695 et
1000 3613 1139 3697 altamn
1158 3616 1417 3717 provinciarum.
1450 3632 1453 3635 ’
1510 3631 1511 3634 ‘

515 3831 753 3928 Purpureum
772 3830 913 3905 interea
932 3832 1098 3906 crudelia
1115 3831 1258 3930 praelia
1276 3844 1426 3909 vastant
1512 3897 1517 3925 ,

411 3940 566 4028 Ortum,
585 3962 697 4031 quem
714 3936 879 4030 Russus,
897 3937 1020 4038 rigido
1039 3963 1108 4011 eeu
1126 3939 1277 4013 flamine
1295 3950 1456 4039 turgens
1535 4018 1539 4025 ,

409 4043 562 4119 Invadit
579 4045 738 4143 Boreas,
756 4042 900 4119 ferrum
916 4056 1029 4140 atque
1048 4046 1222 4119 incendia
1239 4045 1418 4137 miscam,

410 4150 557 4227 Limitis
576 4149 750 4249 ignaruS,
768 4151 985 4246 ridenteque
1003 4163 1103 4226 sorte
1119 4156 1321 4249 superbus:

411 4257 560 4334 Cornua
576 4282 652 4353 quo
671 4257 838 4332 tumidae
858 4256 1010 4357 frangat
1028 4256 1216 4356 fulgentia
1232 4259 1365 4349 lunae,

411 4366 528 4460 Inque
545 4363 771 4464 peregrinis,
789 4364 934 4439 Haemo
952 4363 1184 4463 trepidante,
1201 4364 1340 4465 refigat
1458 4424 1462 4432 ,

411 4473 578 4545 Barbara
596 4471 706 4572 signa
724 4469 866 4570 plagis,
884 4493 1121 4570 regnumque
1140 4474 1321 4592 extendgt
1337 4472 1495 4547 avitum.

516 4576 565 4652 Et
583 4588 625 4651 tu
644 4578 745 4653 clara
762 4576 889 4667 Paris,
907 4576 1138 4651 Francorum
1153 4577 1297 4678 gloria,
1315 4581 1482 4656 nondum
1512 4637 1539 4675 .,

413 4684 529 4760 Sortis
548 4684 737 4781 inaequali
755 4683 888 4757 iactari
907 4682 1057 4759 turbine
1075 4708 1205 4758 cessas.

416 4794 495 4866 Pax
514 4790 584 4865 tibi
603 4801 640 4865 et
658 4792 757 4865 alma
774 4790 880 4887 quies
899 4790 1002 4865 oneri
1020 4800 1087 4865 est.
1107 4788 1257 4891 Europa
1275 4803 1463 4867 tumentes

412 4898 491 4971 Vix
510 4922 622 4972 ausus
642 4894 780 4989 frenat,
800 4897 932 4996 patriis
952 4897 1063 4971 simul
1082 4898 1226 4997 adligat
1244 4898 1337 4973 oris:

414 5006 491 5077 lam
511 5003 670 5101 raperis,
690 5015 881 5101 terrasque
900 5029 1015 5081 novas
1035 5004 1267 5104 pelagusque
1286 5005 1516 5103 profundum
