4084 6000
970 598 1046 674 103

431 809 565 888 Noctes
583 823 697 910 atque
714 815 795 889 dies
812 821 937 890 totum
954 838 996 888 se
1013 815 1163 888 credere
1183 813 1304 904 curis,

535 918 641 1011 Quae
659 919 787 996 fructu
805 920 946 1019 paritor
963 919 1232 996 lustrafntura
1251 923 1371 996 beent.

431 1025 533 1100 Haec
551 1038 619 1102 tua
638 1051 777 1128 magna
794 1027 959 1123 quidem,
977 1030 1043 1101 sed
1062 1029 1246 1124 quantula
1264 1027 1398 1127 gloria,
1420 1029 1645 1122 Grcsser,

535 1134 596 1210 Ex
614 1134 695 1227 his,
713 1158 812 1230 quae
829 1137 925 1208 duce
942 1145 980 1208 te
997 1135 1158 1234 percipit
1173 1137 1265 1209 ordo
1285 1135 1380 1232 pius.

431 1239 564 1316 Annon
583 1266 677 1342 crgo
695 1242 766 1317 tihi
784 1245 878 1316 bene
897 1242 1040 1316 credita
1057 1253 1186 1316 nostra
1204 1242 1331 1316 carina
1349 1253 1426 1333 est,

535 1347 618 1424 Non
636 1348 762 1424 minus
780 1360 824 1424 ut
839 1348 1017 1447 deinceps
1036 1373 1200 1444 aequora
1219 1359 1302 1424 tuta
1320 1353 1449 1424 secet?
1472 1433 1484 1455 κ

430 1454 513 1531 Non
532 1454 652 1530 deeris
670 1455 805 1531 Nestor
819 1456 949 1548 nobis,
968 1482 1043 1530 non
1062 1456 1202 1530 Hector
1222 1466 1264 1530 ut
1281 1458 1377 1532 alter

535 1563 724 1662 Intrepida
742 1563 889 1661 primus
905 1564 1050 1661 praelia
1069 1562 1192 1638 fronte
1211 1573 1325 1661 petas.

430 1670 509 1745 Imo
527 1670 642 1745 etiam
661 1677 807 1762 (rarum
820 1671 848 1761 1)
867 1671 974 1770 vires
992 1669 1222 1771 Podalyrius
1241 1671 1321 1768 ipse

534 1777 897 1870 Tollendamelior,
915 1801 1032 1873 quarn
1050 1778 1257 1867 medicina,
1275 1777 1397 1852 malis

428 1882 460 1958 Ο
478 1884 541 1960 hic
559 1896 702 1980 quanta
719 1909 841 1960 novae
858 1909 938 1960 sese
957 1884 1122 1983 explicat
1140 1909 1227 1960 area
1244 1885 1388 1976 laudis,

532 1991 729 2068 Curriculo
746 2003 827 2066 tute
845 1993 917 2068 vix
934 1995 1109 2068 adeunda
1128 1992 1230 2067 meo!

427 2097 603 2176 Vidimus
620 2102 831 2174 adstantem
849 2100 1021 2191 maestis,
1041 2099 1109 2195 qui
1127 2123 1260 2197 nempe
1279 2101 1456 2174 tenebant
1577 2115 1580 2125 ·

531 2206 673 2282 Morbis
691 2218 759 2282 cut
777 2207 880 2282 senio
899 2208 1084 2307 languida
1102 2210 1291 2297 membra,
1310 2207 1413 2280 toris.

431 2312 479 2388 Et
497 2316 590 2388 dum
609 2314 738 2389 nullus
756 2324 858 2407 erat,
876 2314 944 2410 qui
962 2314 1168 2413 pharmaca
1185 2314 1375 2413 porrigat,
1395 2325 1432 2390 ct
1451 2315 1518 2410 qui

532 2421 664 2522 Longa
681 2422 782 2496 levet
796 2422 920 2497 morbi
938 2422 1088 2513 taedia,
1106 2423 1207 2496 solus
1228 2445 1319 2496 eras.
1427 2493 1430 2502 s

425 2523 529 2618 Quin
547 2529 662 2604 semel
679 2537 794 2624 atque
812 2529 950 2603 iterum
968 2540 1231 2628 properantem
1250 2527 1416 2603 vidimus
1435 2530 1574 2604 almam

531 2637 714 2713 Laturum
731 2635 884 2710 adflicto
902 2636 1012 2711 sortis
1031 2648 1070 2710 ot
1088 2636 1178 2710 artis
1197 2661 1316 2735 opem.

427 2740 508 2817 Non
527 2743 663 2818 hiemis
680 2744 803 2818 vetuit
820 2743 946 2844 rigor,
964 2755 1032 2818 aut
1049 2744 1113 2818 via
1131 2745 1247 2844 longa
1265 2754 1412 2818 morata
1431 2755 1505 2840 est3

528 2850 611 2926 Non
629 2850 794 2943 iustum,
813 2849 988 2948 propriae
1006 2876 1098 2926 cura
1122 2851 1275 2943 salutis,
1295 2877 1400 2949 opus.

425 2955 527 3048 Quid
544 2970 734 3057 praestare
752 2983 887 3057 parens
905 2957 1042 3034 dilecto
1061 2958 1192 3033 sedula
1210 2961 1328 3034 nato‘?

530 3064 631 3157 Quid
649 3065 734 3165 plus
752 3066 819 3163 qui
836 3066 934 3139 inter
952 3091 1019 3140 nos
1039 3066 1204 3141 numinis
1223 3067 1342 3141 instar
1360 3070 1509 3166 agunt?

426 3172 583 3248 Ferreus
602 3185 679 3266 est,
698 3199 811 3270 quem
830 3199 905 3248 non
923 3185 1101 3249 moveant
1118 3184 1197 3248 tam
1216 3171 1316 3249 facta
1334 3177 1489 3265 decora,

529 3279 722 3379 Votaque,
740 3281 810 3376 qui
827 3292 962 3356 renuat
979 3307 1171 3380 promere,
1188 3279 1331 3356 ferreus
1350 3294 1416 3356 est.

426 3383 458 3463 0
475 3388 600 3486 pater!
619 3416 642 3465 o
660 3390 828 3487 praeses!
847 3414 922 3463 non
940 3388 1034 3465 haec
1053 3390 1115 3489 pia
1133 3392 1246 3463 corda
1264 3394 1480 3491 negabunt,
1518 3454 1522 3465 .

528 3494 634 3586 Quae
651 3508 689 3571 te
707 3495 859 3595 propitii
878 3496 1010 3573 sideris
1028 3498 1148 3573 instar
1165 3497 1316 3572 habent.

424 3600 540 3677 Vive!
559 3603 686 3679 animo
704 3604 817 3678 simul
835 3615 872 3679 et
890 3606 1067 3680 concordi
1084 3630 1177 3679 voce
1194 3630 1407 3703 precamur,

526 3709 702 3787 Consiliis
720 3710 845 3798 adsint
865 3722 967 3787 astra
984 3714 1148 3787 secunda
1166 3712 1260 3787 tuis!

899 3936 1108 3944 ι----

810 4136 1012 4242 Elegia
1039 4137 1192 4223 xm.

368 4341 563 4414 Memorium
578 4344 732 4413 recolens
760 4340 957 4431 Hieronymi
974 4331 1124 4406 PINTER
1141 4360 1160 4409 c
1177 4292 1298 4413 rotulis
1322 4346 1391 4431 ptr
1415 4314 1638 4431 procuratum

825 4471 929 4539 morte
946 4468 1054 4553 erepti
1077 4464 1186 4535 1838.

343 4728 348 4737 ·
424 4634 508 4767 ouo
525 4677 642 4754 fluitis
659 4676 869 4755 lacrimae?
889 4681 1023 4776 procul
1041 4678 1130 4752 hinc
1148 4677 1280 4777 procul
1298 4678 1363 4753 ille
1381 4678 1559 4774 quiescit,

527 4781 650 4876 Quem
667 4794 821 4885 propter
838 4785 948 4861 toties
965 4786 1112 4861 lumina
1130 4795 1257 4860 nostra
1275 4786 1438 4860 madent.

424 4893 479 4968 Ite
498 4892 584 4992 piae
601 4892 797 4968 lacrimae!
816 4896 1006 4988 quondam
1025 4892 1121 4969 mihi
1140 4893 1248 4988 siqua
1265 4894 1405 4967 doloris

527 4999 648 5079 Causa
667 4998 761 5094 fuit,
778 5025 973 5099 nunquam
992 5001 1128 5082 iustior
1145 5000 1212 5074 illa
1230 4997 1315 5075 fuit.
1418 5046 1420 5053 ,
