4084 6000
796 639 804 662 ⁴
938 613 984 688 ll

385 830 489 904 lllius
506 839 582 918 est,
600 826 733 925 rigidis
751 827 853 921 quod
871 826 1047 924 deinceps
1066 850 1141 900 non
1156 836 1299 924 strepat
1317 827 1431 900 armis

488 933 663 1023 Hunnia,
682 933 804 1028 sitque
822 944 956 1032 togae,
975 933 1025 1006 sit
1042 933 1156 1007 simul
1174 943 1263 1030 apta
1281 927 1383 1032 sago.

385 1043 491 1116 lllius
510 1053 585 1132 est,
605 1038 851 1114 oultisniteat
870 1042 972 1134 quod
989 1040 1178 1130 moribuS,
1197 1051 1325 1122 omnes
1366 1069 1369 1078 ·

489 1148 674 1242 Quodque
693 1159 811 1242 artes,
830 1146 932 1220 vitae
950 1146 1111 1246 grandia
1130 1145 1274 1238 fulera,
1292 1148 1403 1222 eolat.

385 1253 495 1345 Quod
513 1268 585 1329 stet
603 1255 722 1328 honos
739 1254 833 1344 aris,
851 1256 954 1348 quod
971 1254 1084 1352 eulpa
1103 1254 1297 1348 scelusque
1315 1252 1519 1344 facessant,

490 1363 640 1462 lnelyta
658 1363 760 1456 quod
777 1360 899 1434 virtus
917 1361 1086 1459 praemia
1105 1360 1203 1434 iusta
1222 1359 1328 1434 ferat.

386 1469 471 1542 lure
489 1469 609 1568 igitur
626 1491 732 1541 saera
749 1470 902 1542 decoras
919 1479 976 1541 tot
994 1465 1097 1550 faeta
1115 1492 1271 1559 corona,

490 1576 693 1674 Hungare,
710 1585 748 1648 et
766 1575 946 1669 obsequio
964 1576 1162 1671 commoda
1179 1584 1283 1649 tanta
1301 1573 1434 1672 praeis.

385 1681 469 1754 Iure
488 1707 623 1756 voves:
643 1707 740 1777 quae
757 1692 795 1754 te
813 1680 866 1754 sio
883 1681 1030 1780 diligit,
1048 1692 1162 1775 atque
1179 1692 1325 1771 tuetur,
1388 1743 1391 1748 A

490 1789 659 1880 Crescat,
677 1801 715 1863 et
732 1799 925 1876 aeternum
942 1790 1075 1862 floreat
1093 1787 1165 1862 ista
1183 1787 1334 1862 domus!
1422 1839 1427 1850 „

943 2047 975 2089 a

825 2111 846 2152 11
1083 2112 1104 2153 a

387 2319 498 2394 Dicta
516 2316 595 2390 dies
613 2316 762 2391 rutilat:
782 2317 936 2414 plausus
954 2318 1190 2417 geminamus
1210 2326 1376 2414 oportet,

491 2423 652 2498 Laetitia
669 2437 707 2498 et
723 2423 823 2498 votis
840 2435 992 2522 peotora
1009 2425 1116 2500 nulla
1135 2434 1279 2498 vacent.
1344 2513 1347 2517 ¹

387 2534 477 2631 Spes
495 2542 532 2605 et
550 2555 657 2604 amor
673 2531 816 2628 patriae
834 2531 910 2605 iam
930 2530 1076 2604 Ferdi
1087 2555 1144 2604 na
1155 2531 1278 2604 ndns
1297 2541 1452 2603 ovantes

490 2636 687 2711 Invehitur
706 2637 820 2729 fines,
839 2638 1016 2737 hungara
1034 2650 1154 2730 terra,
1173 2648 1268 2710 tuos

387 2744 558 2836 Quantus
576 2769 683 2817 amor
699 2744 828 2819 vultul
853 2745 1089 2818 maiestas
1108 2755 1250 2839 quanta
1268 2752 1437 2816 moratur

492 2850 673 2926 Pectorel.
684 2851 882 2948 purpureis
903 2851 1028 2949 gratia
1046 2863 1187 2945 quanta
1206 2848 1331 2947 genis!

388 2959 492 3035 Haeo
509 2955 649 3056 speeies
667 2957 813 3033 Phoebi
830 2968 905 3049 est,
922 2983 1029 3031 roseo
1048 2960 1140 3031 dum
1159 2955 1281 3056 surgit
1298 2958 1347 3029 ab
1366 2964 1472 3047 ortu,

490 3065 600 3141 Unde
618 3067 720 3137 oalor
736 3064 845 3138 terris
863 3065 943 3139 vita
960 3065 1135 3159 salusque
1154 3064 1261 3137 redit.

387 3172 489 3247 Haeo
508 3174 698 3267 quondam
717 3171 878 3264 CaroliS,
896 3172 991 3245 haee
1009 3196 1149 3270 magna
1167 3168 1411 3245 Therasia
1433 3166 1542 3241 vobis

493 3277 753 3370 Maiestas,
769 3278 906 3353 solium
924 3281 1016 3353 dum
1035 3278 1231 3377 peteretiS,
1250 3287 1340 3351 erat.

389 3387 543 3481 Iamque
561 3385 640 3460 Deo
658 3384 779 3479 iurat,
798 3411 866 3459 nee
884 3411 959 3459 non
976 3385 1143 3485 insignia
1160 3384 1276 3459 sumit
1305 3446 1307 3451 .

490 3492 630 3591 Regia,
648 3491 725 3566 iam
743 3492 913 3592 augustis
931 3490 1195 3567 sertdiadema
1212 3488 1340 3565 comis,

389 3601 417 3673 0
436 3599 576 3701 patriai
596 3624 619 3672 o
636 3600 733 3673 ooeli
750 3625 826 3675 non
843 3599 978 3674 ultima
995 3598 1087 3673 eura
1105 3597 1287 3675 faventis!

491 3706 523 3782 Ο
541 3730 633 3804 gens
651 3706 794 3780 invicta
811 3730 920 3805 saepe
938 3710 1096 3804 probata
1113 3704 1207 3779 fidel
1278 3772 1280 3777 ,

387 3814 534 3906 Cernis,
552 3813 844 3887 Francisous
863 3838 938 3908 quo
953 3813 1007 3911 sit
1024 3813 1093 3887 tibi
1110 3813 1260 3887 innotus
1278 3808 1434 3883 amore?

489 3920 542 3995 Ut
558 3931 708 3993 maneat
725 3920 868 4018 patriae
886 3922 971 4019 lege
989 3918 1140 4014 fideque
1158 3919 1294 4016 pater?

385 4026 439 4101 Ne
457 4039 525 4101 tua
542 4026 767 4125 prosperitas
785 4028 863 4101 ullo
882 4026 930 4101 sit
947 4028 1049 4100 laesa
1067 4027 1214 4116 dolore,

488 4133 565 4207 En!
583 4145 687 4231 patre
705 4145 743 4207 te
760 4134 874 4208 vivus
891 4133 1064 4232 providet
1081 4133 1160 4230 ipse
1178 4140 1294 4231 pater.

389 4241 476 4334 Eia,
494 4265 586 4340 age,
602 4240 773 4339 propitiis
791 4239 849 4314 fer
864 4241 979 4317 thura
995 4239 1156 4314 calentia
1176 4237 1295 4327 divis,

492 4347 622 4423 Thura
637 4347 754 4445 polis,
772 4348 923 4421 niveam
940 4347 1246 4447 principibusque
1263 4341 1391 4416 fidem.

389 4453 464 4545 Qui
482 4453 657 4544 calamis,
677 4455 841 4552 calam03
860 4455 927 4550 qui
944 4479 1013 4552 par
1031 4467 1087 4528 est
1104 4454 1276 4542 ensibus,
1293 4470 1399 4544 ense3
1495 4490 1503 4505 ·

492 4560 640 4654 Quique
658 4559 786 4652 bonis,
804 4562 947 4658 patriae
965 4562 1137 4635 consulat
1154 4560 1216 4635 ille
1235 4554 1354 4631 bonis

388 4669 435 4741 At
452 4681 494 4742 tu
511 4667 768 4765 pannonidum
785 4692 868 4765 spes
885 4692 1060 4767 surgens,
1079 4666 1289 4742 maxime
1314 4660 1567 4759 prinoePS,

490 4774 613 4850 Patris
633 4798 759 4861 amor,
777 4775 906 4873 populi
925 4774 1155 4870 deliciaeque
1174 4769 1266 4847 tui!

385 4882 470 4956 Huo
489 4884 597 4972 ades,
615 4892 653 4954 et
669 4882 799 4973 vultu,
818 4906 894 4976 quo
911 4882 1054 4979 gaudia
1071 4892 1175 4955 tanta
1193 4880 1336 4966 aiebas,

489 4987 687 5064 Ominibus
704 4988 839 5064 nostris
855 4986 1082 5083 laetitiisque
1102 4985 1198 5061 fave.
