4084 6000
974 585 1050 660 205

378 797 433 875 Ut
452 808 633 900 surgunt,
651 797 773 897 posito
790 797 995 892 velamine,
1014 798 1097 875 luce
1115 799 1276 897 recenti3

377 905 426 981 Et
443 908 619 1008 Procyon
636 904 751 999 furit,
769 917 808 981 et
824 906 954 981 vesani
972 907 1082 982 stella
1098 907 1232 983 Leonis

376 1012 560 1116 Fulgida‚
578 1023 617 1088 et
635 1011 796 1089 aestivos
813 1025 1014 1114 properant
1031 1015 1223 1113 duplicare
1241 1013 1392 1089 calores.

378 1120 470 1196 Dux
488 1133 761 1215 armentorum,
779 1134 922 1223 pastor,
940 1121 1169 1221 pecudisque
1186 1122 1344 1197 tenellae

375 1230 509 1304 Aestus
526 1253 593 1330 per
610 1229 744 1304 nimios
763 1228 906 1305 Silvani
924 1227 1064 1331 frigida
1081 1240 1270 1324 quaerunt

288 1401 293 1412 .
378 1337 560 1430 Dumetu‚
578 1348 691 1433 atque
710 1362 845 1438 greges
863 1337 1005 1436 pariter
1023 1337 1246 1438 compellere
1264 1347 1419 1431 curant,

375 1444 426 1520 Et
443 1444 527 1520 rivo
545 1445 712 1519 relevare
730 1445 853 1542 sitim3
873 1470 949 1541 qua
966 1443 1049 1543 ripa
1065 1444 1214 1519 volucri

375 1551 484 1628 Nune
502 1551 690 1628 taciturna
708 1563 809 1627 caret
826 1565 960 1645 vente,
978 1551 1130 1647 lenique
1147 1576 1312 1627 susurro.

481 1660 532 1735 At
549 1670 593 1735 tu
610 1660 772 1735 consiliis
791 1661 976 1762 Augusti,
994 1659 1173 1760 principis
1190 1660 1292 1735 orbis

314 1799 321 1810 ·
375 1768 500 1864 Atque
519 1766 643 1861 urbm,
660 1792 834 1867 praesens
854 1779 891 1842 et
908 1793 996 1867 pars
1016 1790 1167 1863 quoque
1185 1791 1341 1868 magna,
1359 1767 1501 1844 diurnis

376 1873 651 1972 Nocturnisque
670 1875 793 1977 agitas
812 1876 932 1968 curis,
950 1875 1043 1971 quid
1061 1876 1258 1950 commoda
1274 1873 1395 1973 pacis,

377 1981 525 2075 Quidve
543 1981 667 2058 ferant
684 1984 774 2059 belli
793 1981 983 2058 fremitus:
1003 1985 1118 2056 decus
1136 1984 1234 2058 unde
1252 2008 1414 2083 perenne

375 2091 537 2165 Accedat
554 2088 681 2182 Latio,
700 2102 738 2165 et
755 2090 927 2165 dominae
946 2116 1045 2165 nova
1062 2090 1187 2190 gloria
1204 2090 1355 2181 Romae.

375 2197 476 2289 Quid
493 2208 602 2298 paret
620 2209 685 2273 aut
704 2197 830 2292 Seres,
847 2209 1081 2300 regnataque
1099 2198 1236 2273 Bactra
1253 2199 1393 2274 celebri

377 2305 478 2407 Cyro
492 2361 501 2397 ‚
516 2306 579 2380 vel
597 2304 733 2380 Tanais
752 2306 985 2381 discordibus
1004 2304 1179 2380 horridus
1197 2307 1322 2382 armis.

483 2412 523 2489 si
542 2413 660 2512 sapis,
679 2424 716 2488 et
733 2413 868 2488 nostris
887 2413 1059 2505 monitis,
1077 2412 1324 2511 precibusque
1342 2415 1524 2508 moveris,

379 2519 556 2596 Protinus
574 2520 762 2595 insomnes
781 2521 943 2619 depelles
961 2531 1109 2620 pectore
1129 2545 1257 2595 curas:

377 2627 467 2705 Vita
485 2628 610 2703 brevis
629 2628 739 2702 celeri
756 2652 930 2730 praesens
949 2631 1042 2727 pede
1059 2627 1200 2703 labitur
1217 2639 1331 2703 aetas.

377 2733 478 2825 Quid
495 2735 602 2809 iuvat
620 2735 769 2810 assiduo
787 2735 962 2811 miseram
979 2745 1145 2810 mactare
1162 2735 1311 2829 labore,

374 2841 637 2938 Venturosque
656 2841 734 2917 dies
752 2843 901 2935 rimari,
920 2853 957 2916 et
976 2853 1145 2942 tempora
1162 2843 1295 2919 vitae?

374 2951 456 3049 Ipse
475 2950 595 3044 DeuS,
614 2948 801 3047 quidquid
819 2951 1020 3025 succedens
1038 2949 1205 3050 parturit
1223 2975 1380 3046 aevum,

378 3057 552 3133 Occuluit
570 3082 680 3133 caeca
697 3058 861 3157 prudens
880 3058 1042 3160 caligine
1061 3058 1191 3133 noctis.

375 3161 465 3239 lude
484 3166 552 3241 ubi
570 3165 723 3241 mortali
741 3164 857 3261 siquis
875 3166 1001 3240 minus
1021 3166 1136 3243 obvia
1152 3166 1270 3240 menti

375 3272 513 3349 Audax
531 3283 741 3365 scrutatur,
759 3274 903 3372 superis
921 3272 1126 3366 fit'fabula,
1144 3272 1254 3349 risus.

480 3379 635 3456 Nonnisi
652 3404 826 3479 praesens
844 3391 901 3456 est
918 3393 1100 3457 nostrum.
1119 3381 1384 3457 Praesentibus
1402 3407 1545 3480 aequus

375 3484 533 3582 Utetur,
552 3488 722 3585 quisquis
741 3488 918 3587 sapientis
936 3514 1072 3564 nomen
1090 3489 1262 3582 anhelat,

376 3594 415 3670 Si
433 3619 606 3694 praesens
625 3598 770 3688 demas,
790 3596 882 3691 quid
899 3597 970 3671 erit
988 3599 1091 3694 quod
1108 3597 1231 3672 dicere
1249 3605 1332 3672 tuto

373 3700 462 3777 Esse
481 3713 590 3779 tuum
608 3704 758 3803 possis?
778 3704 836 3779 An
853 3728 928 3779 non
947 3704 999 3780 sic
1018 3714 1142 3791 cetera
1159 3704 1279 3778 cernis

374 3809 428 3884 Ut
446 3812 587 3885 flumen
604 3811 849 3909 praeterlabi:
869 3813 972 3907 quod
987 3811 1138 3910 saepius
1157 3812 1264 3885 alveo

373 3915 556 4015 Riparum
573 3917 669 3993 fines
687 3918 975 4015 intra,·lenique
994 3942 1146 3994 susurro

361 4022 582 4099 -Deourrens
600 4034 742 4101 recreat
759 4026 892 4118 silvae,
911 4036 949 4099 et
965 4050 1107 4124 pascua
1124 4026 1243 4100 laeta:

374 4132 559 4231 Tempora
576 4158 675 4207 nunc
694 4142 851 4209 currunt
869 4133 1045 4209 torrentis
1062 4158 1164 4208 more
1183 4132 1349 4231 rapacis,

374 4236 496 4329 Quem
515 4236 596 4314 sera
613 4240 775 4315 diluvies
793 4240 953 4340 pluviis,
972 4240 1200 4340 nivibuspue
1218 4238 1349 4314 solutis

368 4345 530 4421 'Irritans
548 4346 680 4445 rapido
698 4372 826 4423 secum
847 4346 919 4422 fert
938 4347 1065 4423 omnia
1082 4372 1207 4422 cursu.

374 4453 456 4528 Hac
474 4454 645 4529 homines
663 4456 899 4553 pecudesque
918 4454 1038 4555 rapit,
1056 4455 1156 4555 rapit
1172 4454 1260 4531 inde
1277 4455 1447 4529 revulsas

377 4559 539 4659 Stirpes,
557 4573 594 4647 et
611 4560 781 4661 lapidum
800 4563 933 4655 moles,
952 4563 1196 4663 placidosque
1213 4571 1385 4661 penates:

377 4665 538 4763 Quoque
555 4667 652 4763 ruit,
671 4668 802 4743 sternit
820 4680 902 4746 sata
919 4670 1019 4747 laeta
1036 4674 1227 4766 boumque
1244 4671 1411 4761 labores,

378 4773 428 4849 Et
445 4773 549 4850 rabie
567 4800 650 4875 spes
667 4774 873 4851 frustratur
900 4802 1133 4874 messemque
1152 4776 1284 4853 coloni.

377 4880 483 4957 Haec
499 4880 597 4957 inter
616 4883 784 4980 querulis
801 4894 976 4960 resonant
993 4885 1222 4961 clamoribus
1239 4884 1305 4960 alti

378 4988 544 5081 Montes,
563 4999 600 5064 et
618 4990 737 5067 silvae
755 4990 921 5085 vicinae,
940 5014 1106 5089 ruraque
1123 4992 1210 5067 late.
