4084 6000
951 641 1000 718 tt

397 862 656 960 Praegrandes
674 858 740 934 alii
759 861 926 960 gaudent
944 883 1116 932 resonare
1134 858 1302 949 labarae,

502 965 605 1058 Quos
621 978 749 1042 tenero
768 966 911 1066 patriae
930 969 1066 1040 duetus
1085 990 1211 1041 amore
1230 963 1344 1040 subis,

401 1073 550 1152 Scilicet
568 1086 611 1149 ut
628 1098 787 1174 preren,
805 1073 992 1169 quidquid
1010 1077 1110 1147 bona
1128 1072 1280 1173 publiea
1298 1080 1477 1170 poscunt,

501 1181 766 1282 Magnanimus
786 1181 920 1277 quo'vis
937 1191 1104 1280 tempore
1123 1179 1220 1256 ferre
1240 1179 1345 1262 soles.

396 1289 501 1364 Bella
518 1299 695 1386 premunt
711 1287 835 1362 fines‘?
854 1289 1001 1364 animae
1019 1299 1063 1362 tu
1081 1287 1263 1387 prodigus
1282 1286 1396 1376 altae,

501 1395 651 1471 Primus
667 1396 711 1469 im
726 1395 941 1487 ordinibuS,
960 1390 1030 1469 eeu
1047 1420 1167 1470 novus
1185 1394 1345 1484 Hector,
1364 1391 1458 1492 agis.

398 1504 560 1578 Advolat
579 1503 680 1600 alma
698 1502 834 1598 quies?
854 1500 974 1578 veluti
991 1503 1194 1578 Palinurus
1212 1510 1324 1578 acuto

502 1609 646 1711 Dirigis
662 1609 814 1710 ingenio
833 1609 1062 1706 consilioque
1079 1621 1208 1684 ratem.

399 1719 503 1794 Haeo
520 1729 557 1792 te
577 1716 680 1813 (quis
697 1716 846 1793 dubitet
854 1721 896 1808 ‘?)
913 1742 1018 1792 mens
1037 1717 1106 1791 has
1126 1716 1281 1791 devexit
1299 1721 1347 1792 ad
1366 1739 1469 1806 oras,

502 1825 556 1900 Ut
575 1850 687 1899 curae
707 1823 850 1899 niteant
867 1824 931 1898 hie
950 1849 1099 1921 quoque
1119 1825 1229 1924 signa
1246 1836 1345 1900 tuae.

398 1931 474 2008 Nee
492 1932 581 2006 satis
600 1936 797 2007 absentum
815 1934 918 2028 quod
935 1943 1109 2031 promtus
1125 1935 1322 2006 commoda
1339 1955 1467 2021 auree,

504 2039 579 2114 Nee
598 2039 687 2113 satis
705 2040 745 2112 in
763 2065 894 2114 causas
912 2039 1113 2139 evigilasse
1131 2038 1216 2113 fuit.

398 2147 508 2247 Ipse
526 2157 593 2221 tuo
613 2171 758 2221 recreas
775 2169 843 2221 nos
860 2148 992 2238 vultu,
1011 2170 1161 2222 cernere
1178 2146 1293 2246 gestis
1333 2215 1336 2224 .

502 2256 657 2330 Aestuet
673 2265 717 2329 ut
734 2265 906 2329 nostrum
923 2265 1054 2354 peetus
1074 2279 1198 2329 amore
1217 2254 1285 2329 tui.
1412 2297 1414 2302 ·

398 2363 481 2460 lpse
500 2361 631 2437 videre
647 2361 775 2460 eupiS‚
794 2385 871 2458 qua
888 2361 1008 2449 fossor
1025 2361 1171 2436 viscera
1188 2373 1312 2436 terrae

505 2469 671 2569 urgeat,
689 2472 881 2544 abstrusas
899 2481 979 2544 arte
997 2472 1155 2544 daturus
1174 2495 1273 2569 opes,

398 2575 482 2666 Quo
502 2576 650 2650 iuvenis
668 2577 792 2650 studio
811 2577 989 2668 sublimes
1008 2579 1159 2651 excolat
1177 2587 1293 2668 artae,

503 2676 770 2776 Quae'teneat,
789 2685 957 2780 quaeris,
976 2710 1067 2758 eura
1085 2686 1265 2781 laborque
1284 2681 1396 2755 viros.

398 2789 491 2881 Quis
510 2790 702 2867 Themidis
720 2792 866 2882 cultus,
884 2793 1052 2887 rectique
1070 2791 1197 2891 piique
1217 2789 1302 2886 quis
1321 2790 1452 2877 ardor,

506 2896 600 2988 Quis
617 2897 667 2971 sit
684 2898 803 2972 honos
822 2897 917 2990 aris,
936 2901 1037 2994 quod
1055 2897 1272 2992 meritisque
1291 2897 1433 2970 deeus‘?

400 3003 543 3079 Tantae
562 3006 671 3080 molis
689 3032 783 3105 opus
801 3006 951 3105 populis
962 3007 1147 3107 regnare!
1167 3030 1320 3095 cavere,

504 3112 580 3203 Qui
598 3113 710 3213 regit,
728 3113 877 3213 imperii
895 3138 982 3213 pars
1001 3114 1103 3192 labet
1121 3114 1220 3204 ulla,
1238 3114 1343 3187 solet.

398 3219 507 3295 Nune
525 3232 682 3294 renovat
699 3221 822 3321 leges,
839 3246 940 3296 nune
957 3221 1084 3321 dignis
1103 3218 1271 3320 praemia
1289 3218 1416 3318 ponit,

501 3327 583 3403 Neu
601 3339 727 3415 careat
744 3327 872 3427 poenis
891 3330 1001 3428 eulpa
1019 3330 1235 3424 scelusque,
1254 3326 1370 3401 videt.

397 3434 470 3509 Hie
490 3435 590 3535 rapit
607 3461 713 3510 arma
730 3442 883 3529 minax,
901 3438 991 3509 serit
1007 3435 1087 3509 illie
1106 3434 1207 3535 pacis
1226 3434 1367 3524 olivas,
1455 3520 1460 3531 ι

502 3542 552 3616 Et
570 3567 701 3634 curae,
719 3555 764 3618 ut
781 3568 956 3644 praesens
974 3543 1149 3618 omnibus
1168 3542 1287 3633 adsit,
1305 3540 1430 3614 habet.
1459 3534 1461 3541 ’

400 3648 459 3723 sit
478 3674 587 3751 reges
604 3651 763 3750 populos
781 3654 1026 3725 moderantur
1044 3650 1209 3724 numinis
1228 3650 1366 3738 instar,

503 3755 753 3857 Sicpatribus
771 3760 914 3857 patriae
933 3758 1056 3859 gloria
1075 3769 1177 3833 serta
1194 3755 1309 3831 venit.

397 3863 501 3937 Haec
520 3865 602 3939 laus
620 3866 889 3940 Franciseo
907 3877 982 3958 est,
1000 3875 1043 3939 tu
1061 3866 1124 3939 eui
1141 3867 1234 3939 bene
1254 3861 1450 3963 proximus
1471 3862 1608 3951 adstas,

501 3971 608 4046 Illius
627 3971 813 4066 referens,
832 3973 989 4049 alterut
1007 3973 1090 4064 ille,
1109 3971 1220 4057 vires.

399 4077 522 4175 Atque
539 4078 594 4153 ita
611 4089 655 4154 tu
672 4082 771 4155 tanti·
783 4106 998 4182 mensuram
1018 4078 1184 4155 muneris
1203 4078 1356 4177 impleS,
1411 4147 1413 4153 .

501 4184 712 4288 Hungarus'.
728 4201 771 4263 ut
789 4190 902 4263 iactet
920 4212 1002 4287 spes
1020 4186 1183 4261 valuisse
1203 4210 1300 4260 suas,

397 4292 525 4367 Talem
542 4317 610 4370 nos
627 4306 852 4392 tantumque
870 4296 924 4395 pii
942 4319 1187 4385 veneramur,
1205 4303 1243 4367 et
1261 4292 1329 4371 imi

503 4400 688 4498 Obsequii
701 4414 781 4477 toto
799 4404 975 4505 symbola
993 4405 1105 4477 eorde
1123 4404 1266 4477 damus.

397 4504 429 4581 Ο
445 4508 560 4581 talem
577 4510 801 4606 tantumque¹
818 4521 885 4585 tua
902 4537 990 4585 eum
1008 4508 1169 4609 coniuge
1179 4507 1296 4582 nobis

502 4614 551 4689 Et
568 4616 711 4718 patriae
730 4628 880 4693 servent
897 4628 999 4692 astra
1016 4616 1182 4715 benigna
1199 4613 1285 4688 diul

397 4720 472 4795 Ista
492 4720 571 4796 dies
589 4724 747 4799 memori
763 4724 966 4799 caeleate
983 4748 1170 4799 marmore
1188 4721 1331 4811 vivet„

500 4828 617 4907 Vivet
635 4832 729 4907 etin
748 4841 876 4905 nostro
894 4832 965 4906 rite
983 4842 1112 4911 notata
1130 4829 1233 4903 sinu!
