4084 6000
1026 639 1124 716 ‘90

993 756 1203 770 m

520 854 648 932 Nonne
667 855 746 928 seni
764 854 896 955 Sparte
913 852 1082 930 venienti
1099 879 1295 956 assurgere
1313 857 1473 958 dignum

566 1037 569 1040 ,
624 960 692 1038 Est
708 972 811 1055 rata,
828 973 912 1037 tum
929 961 1051 1061 primo
1069 964 1314 1038 condecorare
1332 965 1444 1040 loco?

518 1069 599 1145 Hoc
617 1068 828 1144 Martine
846 1069 943 1144 tibi
960 1068 1100 1168 pietaS,
1119 1073 1330 1167 candorque
1349 1083 1522 1167 tuorum,

624 1175 684 1251 Te
702 1173 902 1251 fortunatis
920 1176 1171 1274 praeside,
1188 1176 1270 1251 iure
1290 1175 1391 1254 facit.

519 1284 567 1360 Et
585 1309 696 1358 canos
714 1283 847 1382 capitis
864 1293 1067 1359 veneratur
1084 1308 1216 1383 nempe
1235 1285 1410 1384 capilloS,
1457 1319 1467 1338 2
1586 1297 1588 1302 '

624 1391 672 1467 Et
689 1400 764 1464 stat
780 1415 960 1491 rugosae,
978 1391 1140 1483 credito,
1158 1389 1292 1466 frontis
1309 1393 1439 1470 honos.
1641 1475 1644 1482 Ι

520 1496 668 1598 Quippe
685 1496 795 1572 ferax
811 1496 967 1599 frugum
984 1507 1059 1590 est,
1078 1521 1174 1594 quae
1193 1499 1304 1575 sulcis
1320 1510 1421 1578 terra
1439 1515 1606 1603 secatur3

622 1604 793 1704 Amplior
809 1614 867 1679 est
883 1604 1015 1704 pennis
1032 1605 1181 1706 gratia,
1199 1631 1346 1708 cygnc,
1364 1609 1453 1686 tuis.

519 1711 784 1809 Nequidquam
801 1707 947 1786 fractas
957 1736 1141 1787 memoras
1158 1712 1198 1788 in
1216 1738 1369 1814 corpore
1387 1717 1507 1810 vires,

624 1818 750 1912 Quae,
769 1818 942 1915 quamvis
958 1835 1141 1919 magnae,
1160 1819 1214 1896 nil
1232 1819 1311 1896 sine
1329 1834 1453 1899 mente
1471 1826 1609 1900 valent.

518 1923 585 2000 Est
602 1924 720 2017 tibi,
738 1925 859 2024 sitque
876 1950 1027 2026 precor,
1045 1927 1189 2002 maturi
1202 1927 1324 2022 fertile
1342 1941 1472 2030 pectus

624 2032 796 2126 Consilii,
813 2045 937 2132 partes
953 2033 1099 2109 roboris
1117 2033 1214 2110 illud
1231 2045 1330 2136 aget.

519 2138 713 2214 Curriculo
730 2150 882 2234 vectus,
900 2150 1033 2240 captus
1050 2164 1201 2237 quoque
1217 2142 1360 2217 lumine
1378 2144 1568 2239 quondam
1623 2153 1625 2160 '

622 2246 747 2348 Erigit
764 2248 962 2348 ambiguos
979 2247 1124 2347 Appius
1141 2248 1205 2322 ille
1222 2259 1358 2348 patres.

519 2352 640 2428 Altior
657 2364 713 2428 est
731 2354 831 2429 curis
847 2354 947 2431 tibi
965 2380 1070 2430 mens
1089 2378 1352 2453 quamcunque
1371 2356 1560 2452 molestis,

622 2461 693 2535 Illa
711 2461 783 2536 sibi
803 2461 955 2554 similis,
974 2487 1071 2557 quae
1089 2460 1163 2536 fuit
1181 2473 1288 2556 ante,
1307 2474 1444 2538 manet.

518 2569 585 2644 Est
603 2569 736 2645 studiis
754 2570 907 2643 exculta
925 2569 1054 2662 bonis,
1072 2578 1129 2642 est
1147 2578 1234 2668 apta
1251 2571 1448 2671 regendis,

623 2673 706 2750 Non
723 2675 847 2750 minus
866 2701 908 2749 ac
927 2674 1071 2768 fuerat,
1089 2675 1260 2774 patribus
1279 2677 1346 2752 illa
1363 2679 1446 2778 piis.

519 2783 572 2856 Ac
590 2783 710 2857 veluti
728 2785 822 2857 sudo
840 2784 978 2858 nimbis
996 2783 1181 2879 Aquilone
1200 2782 1341 2885 fugatis

623 2890 725 2965 Pura
742 2891 821 2964 dies
838 2890 942 2964 omni
959 2895 1058 2967 nube
1076 2916 1205 2966 serena
1222 2903 1342 2966 vacat.

519 2994 602 3072 Non
620 2996 712 3071 haee
730 2997 943 3091 consenuit,
962 3000 1054 3095 quin
1071 3000 1186 3099 longo
1203 2998 1396 3098 pulchrior
1409 3024 1485 3073 usu

624 3104 821 3204 Splendet,
839 3117 883 3180 ut
902 3132 925 3179 a
941 3109 1037 3180 dura
1054 3130 1185 3179 vomer
1203 3108 1369 3192 aduncus
1387 3106 1515 3181 humo

518 3213 609 3288 Post
623 3212 744 3287 decies
762 3223 903 3313 septem
921 3213 983 3287 cui
1000 3214 1181 3312 septimus
1201 3215 1337 3289 adfluit
1354 3238 1494 3305 annus,

624 3319 663 3394 Si
681 3321 779 3395 tibi
796 3346 866 3420 par
883 3318 998 3395 fuerit
1015 3346 1190 3420 corpore,
1206 3320 1340 3395 firmus
1359 3320 1439 3393 erit.

521 3427 587 3502 Tu
606 3436 733 3501 tamen
750 3452 901 3505 accusas
918 3429 1045 3502 tardas
1062 3427 1103 3502 in
1120 3452 1272 3527 corpore
1290 3427 1421 3503 vires?

622 3535 755 3635 Longa
772 3535 860 3610 terit
878 3534 1023 3627 silices,
1041 3544 1155 3631 atque
1172 3538 1373 3609 adamanta
1391 3534 1489 3608 dies,

521 3640 652 3738 Siquid
670 3642 786 3717 habet
802 3640 889 3716 vitii
903 3666 1040 3741 corpus
1058 3650 1165 3733 (nam
1184 3643 1305 3717 debile
1320 3661 1390 3717 vas
1409 3650 1482 3732 est)

623 3749 773 3824 Assidui
791 3750 952 3841 crimen,
971 3751 1096 3842 crede,
1114 3749 1253 3825 laboris
1272 3749 1353 3825 erit.
1409 3812 1412 3817 ,

519 3854 552 3931 Ο
570 3856 715 3952 quoties
734 3856 800 3931 alii
818 3856 1004 3955 placidam
1023 3881 1153 3957 cepere
1171 3857 1355 3953 quietem!

624 3962 801 4039 Excussit
818 3989 964 4040 somnos
983 3990 1073 4039 cura
1090 3965 1271 4060 laborque
1288 3974 1340 4039 tu
1350 3990 1372 4037 o
1382 3986 1408 4035 s.

522 4071 613 4144 Inde
630 4072 728 4146 tibi
746 4072 846 4147 docti
863 4082 1053 4165 crescunt,
1070 4083 1138 4147 tua
1155 4071 1334 4171 pignora,
1352 4070 1460 4160 libri,

624 4179 769 4254 Aureus
787 4180 874 4254 inde
891 4180 988 4254 tibi
1006 4202 1183 4253 nummus
1193 4177 1384 4274 honosque
1402 4170 1517 4251 venit.

521 4284 670 4360 Ordinis
687 4286 774 4360 inde
792 4286 845 4386 pii
862 4311 1072 4382 nomenque
1090 4288 1277 4381 decusque
1296 4309 1465 4378 serenos,

624 4392 700 4485 Qui
717 4418 811 4493 pene
828 4394 1039 4467 occiderant
1050 4450 1065 4485 ,
1077 4392 1226 4467 viderat
1242 4392 1296 4467 ire
1315 4392 1404 4469 dies

522 4501 572 4575 At
589 4500 768 4575 meruisse
785 4511 842 4574 sat
860 4511 935 4592 est,
953 4500 1064 4573 dicis:
1083 4525 1181 4574 nune
1201 4499 1278 4575 otia
1296 4524 1429 4599 posco,

624 4606 808 4683 Emeritos
825 4632 967 4707 puppes
986 4617 1116 4706 portus
1135 4608 1273 4683 habere
1292 4609 1395 4682 solet.
1422 4615 1425 4621 '

521 4713 622 4805 Quos
642 4716 810 4792 studium
821 4708 949 4789 'tenuit
967 4725 1159 4807 constanS,
1178 4740 1272 4812 quos
1290 4713 1387 4789 fovit
1404 4714 1560 4814 Apollo,

628 4822 715 4898 Otia
732 4850 807 4898 non
825 4821 900 4896 illis
918 4822 1030 4924 pigra
1047 4823 1193 4922 placere
1211 4822 1351 4897 valent.

521 4928 615 5004 Vidi
633 4956 704 5031 ego
722 4941 768 5005 te
787 4930 904 5007 dubia
923 4930 1146 5006 scribentem
1163 4931 1266 5021 luce,
1285 4928 1377 5025 quid
1395 4928 1525 5003 ultra?

624 5039 688 5132 Id,
705 5037 782 5134 fili,
801 5063 996 5136 nunquam
1014 5036 1146 5113 feceris
1164 5037 1264 5139 ipse,
1282 5060 1419 5112 mones
