4084 6000
951 657 1027 736 241

884 773 1087 788 ---

384 853 389 872 ’
510 873 727 950 Praemittit
744 875 961 980 Zephyros,
980 887 1151 972 cumque
1161 872 1415 970 Aquilonibus
1466 878 1472 888 ’

510 982 776 1058 Decertantcm
793 981 988 1075 Africum,
1006 982 1073 1078 qui
1093 979 1175 1058 fera
1192 981 1342 1085 praelia·
1451 1028 1455 1035 =

511 1090 710 1165 Miscentes
728 1090 901 1189 putridos
919 1089 1075 1167 flatibus
1095 1089 1239 1165 halitus

513 1197 697 1296 Verraut3
721 1197 918 1298 exagitent
935 1197 1135 1297 arboribus
1154 1221 1280 1272 comas

512 1303 662 1380 Infestis
681 1305 841 1382 nimium
860 1305 1081 1412 vermiculis
1098 1329 1248 1407 graves.

619 1412 670 1487 At
688 1415 780 1488 dum
797 1413 959 1490 terribili
977 1437 1173 1488 murmure
1190 1411 1351 1493 nubium

513 1520 561 1596 Et
579 1519 720 1594 crebris
738 1518 871 1595 iaculis
890 1518 1114 1596 fulmineam
1133 1545 1291 1597 manum
1308 1555 1313 1561 ·

513 1629 709 1719 lactasset,
728 1638 786 1704 sat
804 1639 885 1704 erat
902 1626 1102 1728 terrigenis
1120 1626 1226 1726 pium

514 1733 715 1809 Inoussisse
734 1745 899 1810 metum:
923 1760 999 1833 quo
1018 1759 1202 1810 memores
1219 1734 1344 1810 Deum

464 1861 467 1871 ·
514 1841 563 1916 Et
580 1842 694 1916 thure
712 1853 750 1918 et
767 1844 940 1942 precibus
959 1854 1159 1940 menteque
1178 1842 1339 1918 candida
1427 1922 1433 1932 .

515 1948 734 2025 Observent.
754 1950 922 2026 Tetricus
941 1950 1100 2051 dissipat
1118 1950 1206 2026 hino
1226 1949 1366 2042 minas,

513 2057 726 2132 Raresount
743 2059 889 2133 sonitus
907 2068 1064 2156 atraque
1083 2057 1232 2151 nubila,

515 2162 621 2255 Quae
640 2189 730 2240 mox
748 2165 987 2258 horruimus,
1005 2191 1075 2265 per
1092 2167 1262 2242 salubres
1281 2173 1412 2240 ruuut'

516 2272 671 2384 GuttaS,
690 2283 728 2347 et
747 2283 915 2350 recreant
932 2271 1116 2374 languida
1133 2282 1306 2373 pectora,

517 2380 639 2477 Atque
658 2392 883 2478 arvaatque
903 2406 1035 2457 nemus
1054 2391 1265 2477 cunctaque
1283 2375 1467 2481 gramina.

623 2485 840 2588 Tempestas
859 2487 979 2589 igitur
997 2497 1043 2563 tu
1061 2511 1213 2584 quoque
1232 2512 1292 2562 me
1311 2488 1421 2562 doces

516 2594 742 2670 Immensum
761 2621 940 2696 superum
957 2620 1109 2671 noscere
1128 2597 1347 2691 dexteram,

516 2703 707 2777 intentare
725 2703 847 2778 minas
867 2727 964 2800 quae
984 2703 1078 2778 solet
1096 2701 1244 2802 impiis,

517 2808 638 2886 Offert
657 2813 755 2886 dona
773 2811 835 2910 pio
854 2813 965 2886 corde
983 2809 1206 2888 colentibus.

891 3141 1102 3159 ——nn—Q—-n

839 3456 952 3539 oue
981 3454 1156 3539 Xvn.

669 3618 673 3625 ·
804 3642 925 3765 Zriapl
942 3676 989 3748 ad
1007 3673 1194 3764 Szipctocir.

576 3842 661 3969 [lua
679 3886 754 3961 tuis
774 3885 855 3963 divi
872 3888 985 3963 tacite
1005 3885 1164 3964 Gerardi

575 3994 768 4069 Vertioem
786 3996 931 4071 elatum
948 3993 1142 4070 veneraris
1159 3990 1286 4096 undis

427 4123 433 4133 ·
575 4102 691 4194 lster,
714 4111 752 4176 et
770 4104 890 4177 celsae
909 4102 1083 4178 rediviva
1101 4110 1247 4200 spectas
1267 4143 1270 4148 <

1000 4209 1150 4285 Moenia
1167 4209 1317 4282 Budae:

577 4316 777 4419 Zrinyium
797 4341 933 4393 nomen
952 4318 1191 4413 celebresque
1210 4315 1354 4414 palmas

577 4423 743 4499 Ausibus
762 4437 888 4523 partas
907 4425 1052 4525 patriae
1070 4422 1225 4499 sacratis
1258 4460 1262 4465 ·

577 4530 726 4631 Urgeor
742 4544 853 4632 grato
871 4558 1046 4608 resonare
1065 4534 1209 4631 plectro

1001 4638 1163 4715 Numine
1182 4638 1327 4738 plenus

578 4744 611 4823 Ο
629 4745 725 4821 sacri
743 4745 848 4821 collis
866 4747 998 4822 decus!
1018 4773 1040 4821 o
1059 4746 1287 4847 magistrum

577 4852 743 4928 Numen!
763 4879 784 4928 o
803 4878 951 4952 praeses
970 4854 1082 4928 latiae
1101 4877 1297 4945 camenae,

577 4961 746 5055 Phoebe,
765 4963 814 5037 da
829 4973 935 5038 tanto
954 4960 1052 5037 mihi
1071 4986 1222 5035 carmen
1240 4974 1373 5059 aptum

1003 5066 1136 5145 Martis
1155 5067 1329 5145 alumno!
1380 5170 1427 5246 16
