4084 6000
981 565 1056 641 119

435 775 633 854 straminis
654 785 709 852 est
725 777 782 852 illi
801 779 943 880 pariter
960 782 1054 856 bene
1073 779 1209 880 longus
1229 803 1408 875 acervus,

539 882 616 959 Nec
634 886 770 960 desunt
787 886 920 986 patriis
937 887 1045 988 ligna
1062 896 1215 962 vetusta
1233 885 1336 963 focis.

433 990 482 1067 Et
499 993 592 1066 dum
610 1017 670 1084 se,
688 1003 870 1090 natosque
890 1018 997 1086 suos,
1016 993 1241 1090 dulcemque
1259 1007 1453 1095 parentem
1496 1049 1501 1056 -

537 1097 723 1174 Natorum
742 1101 880 1193 cernit,
898 1101 1040 1203 gaudia
1059 1102 1169 1174 corde
1188 1099 1304 1178 fovet.

434 1204 582 1308 Quippe
599 1207 704 1282 videt
721 1207 865 1308 duplici
882 1209 1040 1284 vestitos
1057 1207 1224 1308 tegmine
1244 1221 1420 1304 cunctae,

538 1313 607 1388 His
624 1313 720 1389 nihil
739 1326 782 1389 ut
800 1315 991 1413 squallens
1010 1317 1147 1390 bruma
1164 1340 1296 1392 nocere
1315 1330 1440 1415 queat.

433 1421 536 1495 Haec
555 1421 673 1496 oculis
691 1446 865 1515 cernens,
883 1423 1001 1497 musis
1020 1420 1172 1498 addicta
1189 1423 1367 1500 iuventus

539 1528 630 1622 Dic,
648 1555 741 1630 age,
761 1530 854 1625 quid
873 1530 1017 1605 sentis?
1037 1555 1142 1604 mens
1161 1531 1232 1605 tibi
1251 1533 1374 1627 qualis
1392 1533 1519 1610 inest?

434 1635 540 1712 Anne
558 1636 662 1736 capis
680 1635 832 1711 monitis
849 1646 887 1712 te
905 1637 994 1712 duci
1007 1638 1173 1736 talibus,
1194 1639 1315 1712 omnis

538 1742 592 1819 Ut
609 1745 713 1818 vitae
733 1747 920 1840 quondam
939 1756 1111 1845 tempora
1129 1747 1256 1820 salvus
1274 1749 1395 1847 agas'?

432 1849 506 1944 Qui
524 1850 595 1926 tibi
614 1875 713 1926 nunc
730 1852 844 1952 vigor
862 1862 919 1927 est
937 1851 1139 1946 membriS,
1159 1853 1374 1950 oculisque,
1392 1855 1595 1957 genisque,

535 1958 701 2052 Fallere,
719 1959 753 2032 si
770 1960 920 2052 credaS,
939 1960 1010 2034 iste
1029 1960 1202 2060 perennis
1221 1960 1303 2036 erit.

431 2065 615 2166 Tempora
632 2067 832 2163 labuntur,
850 2066 974 2141 tacitis
993 2092 1145 2164 quoque
1163 2067 1266 2142 lenta
1284 2080 1455 2144 senectus

533 2173 711 2250 Passibus
729 2175 976 2274 adproperat,
994 2175 1098 2268 vita,
1116 2174 1305 2275 vigorque
1324 2177 1475 2252 cadunt.

431 2281 502 2356 Ter
519 2292 610 2356 tunc
628 2278 794 2356 felicem!
814 2282 1035 2357 meritorum
1054 2282 1214 2382 pulchra
1233 2309 1371 2358 corona

534 2388 574 2463 Si
594 2387 758 2463 fractum
778 2389 917 2488 stipent
935 2398 974 2462 et
991 2387 1188 2464 benefacta
1207 2415 1344 2466 senem.

431 2493 485 2570 Ut
502 2495 599 2569 nihil
617 2496 809 2596 agricolis,
828 2521 922 2592 quos
939 2497 1167 2596 tempestiva
1186 2520 1340 2573 suorum

533 2603 631 2680 Oura
648 2613 773 2695 tenet,
793 2604 900 2679 navis
919 2629 1040 2700 nsque
1059 2607 1185 2679 deesse
1205 2605 1317 2680 solet:

429 2708 505 2786 Noc
523 2710 614 2803 tibi,
633 2734 749 2806 quam
768 2711 917 2810 cupias,
936 2714 1032 2786 bene
1051 2712 1203 2786 condita
1220 2713 1328 2813 copia
1346 2737 1494 2805 rerum,

534 2818 611 2895 Nec
629 2818 748 2892 deerit
765 2817 867 2893 vitae
886 2816 991 2892 fama
1008 2820 1197 2916 decusque
1214 2830 1315 2894 tuae.

428 2923 528 3016 Quin
545 2926 689 3002 cineres
708 2923 824 3001 etiam
843 2925 916 3002 seri
934 2925 1089 3002 laudare
1109 2936 1283 3027 nepoteS,

531 3033 581 3110 Et
598 3032 740 3117 discent
758 3058 894 3109 nornen
912 3043 1083 3134 tempora
1102 3045 1240 3111 cuncta
1258 3047 1380 3111 tuum.

905 3363 1115 3375 -—-

828 3675 1029 3781 Elegia
1057 3678 1175 3763 vn.

373 3902 426 3971 Aa
444 3900 640 3971 ladislaum
667 3890 984 3977 sznuraluim,
1010 3904 1087 3988 part
1111 3915 1232 3969 murus
1250 3900 1419 3971 ordinarii
1436 3902 1639 3970 uice-cami-

370 4011 414 4080 ttr
441 4010 658 4080 comitatuum
683 4004 784 4091 Part,
813 4004 900 4075 rua
926 4007 962 4074 at
987 4004 1061 4075 Sati
1086 4006 1322 4076 auriculariter
1347 4008 1515 4077 unitarum
1540 4010 1641 4078 amuis

371 4117 432 4185 20.
450 4118 485 4186 rt
500 4113 727 4203 protonotarii
751 4113 952 4199 palatinalis
977 4114 1076 4181 cuuis
1107 4113 1163 4182 10.
1190 4114 1334 4203 pluriora
1359 4117 1487 4202 perium
1508 4117 1545 4185 iu
1564 4116 1640 4187 coi-

448 4295 451 4301 ,
474 4223 597 4314 larium
608 4222 761 4309 'supremi
778 4220 958 4290 tribunalia
975 4221 1209 4307 septemvirum
1227 4220 1395 4292 adiectum
1416 4218 1525 4292 1830.

423 4392 586 4509 lemano
604 4429 645 4504 o!
664 4428 810 4530 patriae
828 4428 1001 4529 princeps
1018 4426 1213 4529 provincia
1230 4438 1399 4520 nostrae,

528 4537 652 4629 Quam
670 4536 785 4636 capiti
802 4534 989 4636 triplicem
1008 4539 1169 4612 devovet
1188 4561 1264 4611 una
1281 4534 1386 4612 fides.

423 4646 547 4725 Dicito
565 4652 673 4737 (nam
691 4643 801 4720 solito
820 4644 961 4719 maiore
979 4644 1191 4719 accenderis
1210 4650 1334 4733 aestu)

496 4812 498 4817 .
529 4751 635 4843 Quae
654 4752 704 4828 sit
720 4748 886 4827 laetitiae
903 4761 983 4827 tam
1001 4754 1101 4827 bona
1119 4776 1232 4828 causa
1249 4752 1367 4826 tuae?

423 4863 566 4939 Forsan
583 4885 695 4954 ovas,
712 4859 822 4934 laetis
839 4858 930 4955 quia
947 4859 1131 4936 messibus
1148 4884 1241 4934 arva
1258 4860 1490 4957 redundant,

528 4968 578 5045 Et
594 4968 684 5066 quia
701 4992 768 5069 por
785 4965 898 5064 colles
916 4966 1047 5043 dulcia
1059 4976 1185 5044 musta
1202 4965 1326 5069 legis?
