4084 6000
507 940 655 1018 Seiliaet
673 941 771 1016 hane
788 939 923 1018 melius
940 939 1192 1042 praegrandia
1209 937 1310 1016 faeta
1327 940 1556 1037 loquuntur,

584 1070 658 1145 Per
675 1065 822 1168 patriae
839 1076 992 1142 cuneus
1010 1065 1158 1167 inclyta
1176 1062 1276 1142 faeta
1294 1067 1451 1167 plagas

505 1245 583 1322 Vos
602 1271 690 1322 arae
708 1254 841 1338 testa,
860 1269 928 1321 vos
946 1243 1141 1345 splendida
1166 1245 1331 1347 templa,
1358 1244 1472 1321 simul
1490 1268 1560 1320 vos

584 1370 724 1449 Usibus
742 1373 854 1464 (orba
872 1370 939 1446 diu
948 1370 977 1462 l)
995 1381 1095 1447 tecta
1112 1371 1258 1446 reclusa
1275 1370 1357 1472 piis.

505 1550 578 1627 Hie
596 1550 716 1626 socios
732 1549 863 1626 videas
882 1551 1047 1628 celebres
1065 1575 1088 1625 a
1105 1550 1256 1626 nomine
1274 1551 1385 1626 Iesu

583 1677 629 1752 ln
644 1685 793 1753 veteres
812 1676 912 1754 laeta
931 1673 1056 1752 fronte
1067 1655 1195 1751 ‘redire
1213 1675 1321 1750 lares.

504 1854 694 1951 Mentibus
712 1854 776 1930 hie
795 1852 916 1930 avidis
933 1878 1047 1930 verae
1065 1856 1290 1930 documenta
1307 1851 1441 1928 salutis

578 1979 732 2059 ‚Perdita
750 1978 880 2056 divino
898 1979 1005 2057 labra
1023 1980 1146 2056 calore
1165 1989 1308 2055 sonant.

503 2157 553 2235 Et
570 2156 683 2234 fracti
699 2141 776 2234 late
795 2158 955 2234 satiatur
972 2182 1129 2233 munere
1147 2155 1255 2258 panis
1317 2247 1318 2252 Ἰ

581 2284 733 2362 Addieti
749 2285 911 2362 Domino
928 2288 1043 2364 turba
1060 2285 1197 2360 tenella
1214 2281 1354 2385 gregis.

503 2455 581 2538 Vbs
599 2487 749 2562 quoque
767 2465 989 2567 languentes
1008 2489 1083 2540 non
1102 2463 1191 2539 estis
1209 2461 1346 2538 ultima
1368 2483 1481 2536 cura:

584 2587 733 2690 Quippe
751 2615 884 2668 manus
898 2599 1085 2683 maestos,
1104 2613 1200 2687 quae
1217 2585 1426 2680 relevabit,
1447 2588 1563 2663 adest.

503 2766 674 2846 Plurima
691 2769 777 2865 quis
794 2766 932 2845 referat
950 2768 1071 2844 divini
1089 2769 1250 2872 pignora
1268 2767 1412 2860 uultus,

583 2892 698 2986 Queis
715 2894 914 2971 hominum
933 2919 1068 2988 curae,
1087 2894 1195 2994 queis
1218 2892 1281 2994 pia
1300 2893 1413 2968 eorda
1431 2891 1587 2970 calent?

504 3071 637 3172 Siquid
655 3072 773 3151 habet
790 3072 951 3175 dignum
969 3073 1115 3175 superis
1134 3083 1174 3148 et
1191 3074 1303 3149 laude
1320 3072 1475 3173 perenni

581 3197 784 3276 Artificum
801 3198 932 3275 sollers
950 3198 1231 3301 oppifieumque
1248 3199 1368 3275 labor.

509 3375 640 3474 Siquid
658 3387 749 3453 nata
765 3377 854 3478 polo
871 3376 982 3452 terris
1001 3378 1174 3453 doctrina
1194 3376 1350 3455 beandis

581 3501 630 3578 Et
647 3502 773 3597 dedit,
790 3513 827 3577 et
845 3511 996 3603 promta
1014 3513 1072 3579 est
1090 3502 1244 3579 numine
1262 3504 1375 3603 plena
1392 3502 1493 3575 dare.

502 3680 692 3757 Praesulis
711 3681 805 3757 haee
823 3680 962 3757 summi
978 3682 1103 3759 virtus
1121 3693 1159 3759 et
1177 3698 1272 3774 eura,
1286 3680 1416 3757 favore

582 3801 848 3909 MagnanimO,
866 3817 904 3882 et
921 3806 1036 3910 vigili
1052 3807 1228 3909 provebit
1247 3806 1413 3909 ingenio.

503 3982 647 4086 Aspicis
664 3984 728 4060 hie
746 3984 860 4085 primi
877 3985 1023 4094 patriae
1041 3988 1088 4062 de
1106 3986 1255 4063 nomine
1272 3985 1376 4087 regis

583 4106 659 4185 Nee
676 4110 803 4186 minus
821 4110 989 4214 insignes
1007 4114 1054 4187 de
1072 4112 1211 4212 pietate
1229 4110 1362 4187 viros‘l

504 4284 677 4379 Quantus
694 4312 801 4364 amor
817 4288 941 4367 fibris!
961 4289 1133 4366 studium
1152 4292 1255 4387 quod
1271 4300 1421 4392 pectore
1438 4285 1535 4365 totol

582 4411 742 4489 Debitus
760 4422 805 4488 ut
822 4414 966 4515 superis
985 4417 1244 4492 adcumuletur
1260 4415 1393 4498 honor.

506 4591 556 4667 At
573 4590 665 4686 tibi,
684 4592 787 4667 clara
805 4592 896 4671 Sion
906 4594 1078 4697 patriae,
1097 4593 1182 4690 quis
1200 4594 1392 4696 splendor!
1412 4592 1543 4670 eodem

583 4716 774 4793 Praesulis
792 4727 831 4795 et
847 4729 1012 4815 quantus
1031 4719 1155 4795 crevit
1172 4744 1300 4795 amore
1318 4715 1447 4793 deeorl

503 4893 693 4972 Memora
709 4906 748 4973 et
765 4922 853 4974 aera
869 4897 942 4977 tibi
961 4901 1075 5008 (lepus
1093 4897 1307 4975 immortale
1324 4900 1532 4998 parabunt:

580 5020 671 5097 Plus
688 5032 815 5101 tamen
832 5023 895 5102 his
909 5024 1023 5126 pretii
1039 5024 1186 5126 lipsana
1202 5047 1308 5101 saera
1325 5024 1481 5103 dabunt.
