4084 6000
1036 600 1083 675 58

480 815 586 908 Quae
604 813 758 912 placidis
777 812 908 912 pandit
925 812 1110 914 Zephyris
1129 832 1197 886 sun
1215 811 1329 886 lintea
1348 811 1501 910 puppis,

589 920 738 996 Laetior
753 921 945 1019 inceptum
964 946 1030 1018 per
1047 944 1149 994 mare
1167 917 1285 992 sunit
1304 918 1384 992 iter.

480 1028 528 1102 Et
546 1028 617 1103 nisi
633 1052 721 1102 cum
739 1027 859 1102 multo
877 1026 947 1102 tibi
966 1027 1092 1102 sonore
1110 1026 1251 1100 credita
1270 1027 1399 1100 reddet
1482 1061 1484 1066 ·

587 1133 757 1223 Semina,
775 1133 840 1229 qui
858 1133 970 1208 sulcis
989 1132 1058 1208 rite
1077 1131 1217 1230 recepit
1234 1156 1336 1231 ager.

482 1241 564 1315 Non
583 1239 708 1314 minus
726 1251 765 1313 et
782 1238 884 1314 vitae
902 1239 1076 1340 florentis
1088 1239 1212 1312 inania
1230 1252 1354 1312 temne

586 1346 753 1437 Gaudia,
771 1345 962 1421 blanditiis
982 1344 1160 1419 insidiosa
1178 1345 1266 1419 suis.

480 1453 596 1549 Siqua
614 1451 687 1527 fuit
704 1453 848 1543 virtus,
866 1452 961 1525 mihi
980 1453 1087 1526 crede
1102 1509 1111 1542 ‚
1129 1477 1196 1550 per
1210 1475 1344 1550 aspera
1362 1450 1500 1524 crevit:

585 1558 690 1650 Quae
708 1559 812 1633 venit
831 1585 851 1632 e
870 1559 982 1632 trivio
1000 1558 1141 1658 gloria,
1160 1559 1264 1632 nulla
1281 1557 1396 1632 venit.

392 1741 399 1753 ,
478 1667 601 1740 Roma
618 1678 751 1764 potens
770 1691 894 1740 rerum
913 1665 1043 1740 Martis
1062 1691 1128 1764 per
1146 1678 1256 1740 acuta
1274 1664 1421 1738 cruenti

585 1772 746 1848 Sustulit
764 1798 783 1845 e
802 1771 916 1845 terris
928 1771 1126 1846 ambitiosa
1145 1783 1268 1870 caput.
1566 1867 1569 1871 ⁵

478 1883 581 1953 Auro
601 1878 693 1973 quid
713 1879 878 1952 melius?
898 1878 1061 1953 tenebris
1079 1890 1205 1952 tamen
1223 1879 1354 1952 haeret
1372 1877 1518 1976 opacis,

474 2029 478 2036 -
562 2021 567 2031 ·
585 1983 631 2058 Ni
649 1997 759 2058 vocet
775 1983 814 2057 in
832 1985 987 2085 cupidas
1005 2009 1139 2080 arsque
1158 1985 1339 2080 laborque
1357 2008 1501 2057 manus.
1604 2013 1606 2020 ·

480 2091 627 2166 Interea
643 2093 692 2166 ad
710 2115 862 2190 superos
880 2104 947 2166 tua
963 2116 1110 2190 semper
1126 2103 1217 2172 vota
1234 2089 1422 2167 ferantur:

584 2197 656 2272 Hic
675 2196 816 2278 fuerint
830 2200 945 2273 rebus
962 2210 1093 2296 portus
1112 2211 1148 2273 et
1166 2222 1231 2272 ara
1248 2197 1335 2271 tuis.
1607 2262 1613 2284 ,

478 2305 611 2378 Virtus
628 2311 716 2394 (nec
732 2303 900 2395 dubites)
917 2303 1003 2378 imis
1020 2303 1149 2378 defixa
1166 2304 1377 2378 medullis·
1477 2321 1482 2328 ·‘
1587 2345 1590 2352 .

584 2409 671 2486 Sola
687 2413 794 2485 beatz
811 2435 954 2485 vanum
971 2423 1029 2486 est
1046 2411 1118 2485 hac
1137 2410 1215 2485 sine
1234 2407 1420 2506 quidquid
1439 2401 1552 2482 arnas.

478 2517 580 2590 Haec
598 2516 669 2591 tibi
686 2517 901 2592 Maecenas:
918 2529 958 2591 et
974 2517 1101 2592 adhuc
1120 2528 1204 2592 tua
1222 2523 1372 2617 pectora
1389 2519 1568 2612 torpent?
1674 2590 1677 2598 ,

582 2622 631 2697 Ε1
647 2649 715 2698 nec
733 2625 859 2698 adhuc
877 2624 1049 2698 columen
1067 2619 1175 2699 dulce
1193 2626 1380 2719 decusque
1398 2627 1542 2697 vocas‘l

478 2731 510 2805 Ο
529 2730 618 2829 age!
637 2755 714 2826 qua
731 2729 872 2830 pictae,
890 2755 968 2826 qua
983 2729 1085 2830 grati
1103 2730 1263 2830 pectoris
1281 2742 1406 2812 aestus

583 2837 634 2912 Te
652 2837 771 2936 rapit,
789 2836 970 2936 impigros
988 2836 1114 2940 dirige
1132 2850 1262 2936 sponte
1281 2839 1405 2936 pedes.

478 2943 553 3018 Nec
571 2965 761 3043 superesse
779 2945 891 3044 puto,
909 2946 1012 3040 quod
1030 2956 1214 3043 praestes,
1231 2944 1373 3043 maius:
1394 2957 1431 3019 et
1451 2945 1527 3043 ipse

582 3050 665 3141 Nil,
682 3054 784 3146 quod
802 3052 983 3149 tepotius
999 3052 1144 3125 solvere
1162 3062 1311 3151 poscat,
1330 3052 1456 3127 habet.
1604 3056 1606 3071 ’

477 3156 558 3231 Neu
576 3159 717 3255 pudeat
733 3156 922 3248 modicae,
940 3153 1097 3255 crepitet
1114 3172 1196 3254 qua
1208 3182 1365 3251 munus,
1383 3173 1551 3249 acerrae,

583 3262 715 3344 Nescio
733 3288 830 3358 quae
848 3260 975 3361 parvis
992 3264 1119 3362 gratia
1136 3267 1247 3340 rebus
1265 3265 1371 3339 inest.
1481 3348 1482 3355 ἵ

479 3372 603 3444 Parva
620 3369 773 3465 quidem
790 3370 950 3469 'gemmis
967 3380 1024 3443 est
1042 3371 1177 3467 moles3
1196 3370 1280 3467 quis
1298 3384 1424 3446 tamen
1443 3372 1525 3445 illas
1547 3447 1551 3457 ,
1621 3418 1625 3423 -

583 3477 724 3575 Magna
741 3502 809 3556 suo
827 3475 946 3575 pretio
963 3475 1114 3551 vincere
1132 3501 1226 3551 saxa
1242 3482 1386 3578 neget‘l

478 3582 580 3673 Quid
597 3583 722 3656 minus
738 3594 796 3657 est
811 3582 944 3657 viola'l
964 3582 1055 3679 quia
1073 3596 1202 3685 gratos
1221 3584 1327 3660 halat
1345 3588 1496 3675 odores,

583 3688 753 3764 Emeruit
768 3689 874 3763 verni
892 3688 1071 3788 temporis
1090 3716 1168 3766 esse
1187 3693 1320 3767 decus

476 3795 613 3870 Debita
631 3796 661 3870 si
680 3795 916 3896 pietasvires
935 3802 1111 3895 superare
1129 3798 1302 3890 videtur,

582 3904 708 3995 Adde,
725 3905 828 3999 quod
845 3904 885 3977 in
902 3902 1052 4003 magnis
1071 3904 1121 3979 sit
1137 3904 1300 3979 voluisse
1319 3902 1421 3978 satis,

477 4010 617 4083 Forsan
636 4013 685 4083 ab
702 4011 886 4108 exemplis
903 4009 1023 4109 pietas
1041 4021 1109 4085 tua
1126 4009 1260 4085 laetior
1277 4004 1384 4086 ardet
1391 4015 1413 4085 ‘l

580 4117 751 4214 Amplior
768 4118 872 4191 haud
889 4141 1051 4213 usquam
1070 4117 1238 4220 suppetit
1256 4116 1329 4192 ista
1346 4136 1465 4219 seges.
1506 4170 1509 4179 ,

478 4224 548 4297 Hic
568 4247 693 4296 sacras
709 4225 839 4315 aedes,
863 4218 925 4295 hic
943 4248 1051 4299 carae
1070 4224 1192 4299 fronte
1210 4224 1372 4300 nitorem
1406 4244 1408 4253 ’
1444 4262 1445 4267 ’

582 4326 972 4427 Eximium'sponsae,
991 4330 1186 4427 splendida
1204 4334 1321 4425 dona,
1338 4332 1472 4407 vides‘?

476 4430 677 4510 Muniticae
694 4449 937 4511 monumenta
954 4434 1088 4511 manus
1106 4448 1209 4529 sunt,
1227 4440 1396 4537 praesule
1414 4443 1559 4515 Petro

581 4542 727 4643 Digna,
744 4568 813 4617 nec
831 4542 987 4616 occiduo
1004 4536 1254 4641 praeteritura
1271 4546 1343 4620 die.
1409 4590 1412 4601 «

386 4692 389 4706 ·
478 4650 606 4724 Cernis
624 4660 663 4724 et
678 4650 895 4724 innumeros
912 4648 975 4723 hic
993 4648 1089 4723 sicco
1106 4649 1250 4727 lumine
1269 4652 1438 4725 stantes?

581 4757 653 4831 His
671 4757 772 4829 mala
790 4782 877 4829 cum
894 4755 1056 4830 lacrimis
1076 4758 1141 4853 qui
1157 4758 1337 4857 abstulit,
1356 4758 1419 4831 ille
1438 4756 1522 4832 fuit.

476 4864 555 4936 Hos
575 4865 667 4938 Ister
685 4863 827 4937 laribus
846 4863 1045 4962 spoliarat,
1063 4866 1248 4939 Mulciber
1266 4865 1367 4939 illos:
1471 4910 1475 4914 ·

584 4972 674 5046 Pars
693 4969 778 5044 litat
798 4969 887 5046 haec
906 4972 1024 5072 gratis
1043 4996 1116 5046 non
1136 4971 1259 5046 miuus
1277 4971 1343 5059 illa
1362 4969 1463 5047 sucis.
