4084 6000
965 609 1112 736 Q

435 819 587 895 Arduus
605 819 645 894 in
663 823 784 896 nubes
801 821 948 896 condit:
966 832 1194 918 teneraeque
1212 821 1388 898 iuventae

434 926 637 1003 Doctrinae
658 951 766 1029 seges
783 930 988 1022 accedunt,
1007 939 1047 1003 et
1063 929 1206 1029 gaudia
1224 927 1338 1003 vitae.

434 1035 520 1108 Huc
539 1044 578 1108 te
594 1046 805 1110 evexerunt
823 1059 974 1128 musae,
992 1036 1209 1136 vigilesque
1226 1035 1375 1110 labores

434 1141 592 1216 Artibus
610 1141 750 1216 addicti
767 1142 958 1242 pulchris3
976 1142 1053 1217 huc
1071 1144 1196 1244 gratia
1213 1141 1369 1242 linguae

433 1248 579 1324 Ducere
597 1251 712 1324 corda
729 1260 881 1348 potens,
899 1250 1117 1347 sociataque
1136 1249 1306 1325 moribus
1325 1248 1468 1326 aureis:

432 1357 518 1430 Huc
536 1358 671 1430 ardens
689 1357 858 1432 studium
875 1357 1043 1456 patriae,
1061 1367 1263 1452 noctesque
1283 1356 1438 1452 diesque

436 1463 526 1562 Spes
545 1460 718 1538 refovens
736 1464 874 1556 laetas,
892 1465 1046 1540 monitis
1065 1488 1217 1560 quoque
1236 1487 1342 1538 ceree
1360 1465 1500 1540 ducens

433 1571 570 1646 Lustra
588 1570 680 1668 piis,
698 1574 891 1668 verboque
910 1582 998 1663 tuo,
1016 1571 1174 1667 vitaque
1192 1569 1372 1670 probatis.

538 1676 611 1752 Ter
628 1703 696 1752 nos
715 1676 863 1770 felices,
881 1679 989 1774 queis
1007 1693 1136 1753 coram
1154 1703 1304 1754 cernere
1321 1678 1437 1754 telem

433 1785 544 1859 Astra
560 1785 728 1886 benigna
746 1786 894 1877 sinunt,
912 1785 1031 1861 nostri
1050 1785 1144 1882 quin
1162 1811 1272 1884 saepe
1291 1783 1430 1860 laboris

432 1891 628 1967 Arbitrum
646 1893 819 1968 venerari
837 1902 876 1968 et
894 1890 1020 1973 fausta
1038 1892 1110 1966 hac
1129 1891 1234 1984 luce,
1252 1891 1382 1968 futuro

432 1999 539 2090 Quae
557 1998 629 2072 tibi
647 1998 771 2098 prima
789 1999 863 2074 fuit
882 1999 970 2091 tali,
988 1999 1053 2100 pia
1071 2009 1161 2074 vota
1179 1999 1314 2074 dicere.

432 2107 541 2181 Alme
559 2106 684 2205 pater!
702 2132 822 2206 prona
840 2105 966 2202 siquid
987 2106 1125 2205 pietate
1145 2130 1354 2197 meremur,

433 2213 546 2288 Hunc
565 2214 682 2287 talem
700 2213 808 2288 nobis
827 2224 977 2288 servato
995 2212 1212 2288 recentibus
1231 2212 1370 2288 isthinc

432 2319 590 2396 Viribus
609 2321 658 2394 ad
676 2320 823 2422 pyliam
841 2321 993 2395 salvum
1011 2332 1269 2421 vegetamque
1288 2329 1484 2402 senectam.

433 2427 493 2503 Sic
511 2429 582 2503 lux
598 2426 692 2501 haec
712 2429 821 2503 nobis
839 2453 987 2527 semper
1005 2425 1144 2502 festiva
1161 2438 1339 2502 recurret.

433 2534 494 2610 Sic
513 2534 631 2609 laetos
649 2534 723 2608 aris
742 2545 952 2633 repetemus
970 2534 1096 2610 thuris
1111 2534 1287 2610 bonores.

962 2757 1174 2768 w

1030 2963 1095 3041 Vl.

433 3183 487 3257 Ad
519 3186 734 3257 arancarum
762 3183 928 3259 Solonium
954 3191 1111 3251 muana
1139 3204 1159 3255 c
1184 3182 1309 3255 scholis
1331 3187 1401 3275 pra
1436 3186 1633 3257 ammittis
1671 3194 1711 3255 ct

550 3311 701 3399 mutetis
713 3328 835 3398 praep.
854 3310 1075 3397 praecunctis
1092 3308 1287 3381 scholarum
1303 3312 1437 3397 morum
1459 3308 1571 3379 1844..

433 3470 549 3586 saera
567 3502 646 3577 dies
665 3499 790 3603 fulget
808 3500 925 3577 musis
944 3500 1184 3594 celebranda,
1203 3499 1333 3592 Salesi,

432 3612 537 3685 Haec
554 3608 626 3685 tibi
644 3635 731 3684 cum
746 3608 855 3683 sociis
873 3608 1008 3683 merito
1027 3608 1213 3704 nobisque
1232 3605 1397 3709 refulget

390 3807 393 3811 A
433 3717 618 3793 Sollcnnis
635 3716 811 3813 votisque
828 3715 901 3816 piis
919 3718 1148 3791 decoranda:
1168 3718 1233 3791 sed
1249 3715 1307 3790 illi

432 3824 552 3918 Quid,
571 3850 730 3920 quaeso,
748 3824 935 3898 calamis?
955 3824 1050 3920 quid
1068 3823 1192 3899 amica
1208 3846 1301 3898 voce
1319 3824 1542 3921 precemur?

433 3933 503 4008 Cui
520 3932 634 4032 vigor
651 3932 690 4006 in
709 3930 909 4022 membris,
928 3930 990 4007 cui
1008 3942 1111 4007 stant
1129 3932 1169 4004 in
1187 3955 1343 4029 corpore
1361 3929 1472 4006 vires.

432 4039 555 4131 Quem
574 4039 780 4115 comitatur
797 4063 906 4113 amor
923 4037 1155 4130 communie,
1174 4038 1301 4138 gratia
1320 4037 1438 4137 cingit

433 4147 609 4247 Triplex,
629 4146 749 4221 ambit
766 4146 886 4221 honos
905 4147 1082 4250 meritus3
1103 4170 1216 4241 quem
1235 4142 1338 4220 fama
1356 4145 1543 4244 superstes

433 4254 569 4330 Arcani
587 4254 757 4355 rigidum
776 4256 992 4345 custodem,
1009 4253 1198 4348 laudeque
1217 4252 1362 4326 clarum
1447 4322 1449 4325 .

431 4360 596 4436 Virtutis
615 4360 782 4435 medicae
800 4385 867 4458 per
883 4359 1035 4436 saecula
1053 4371 1190 4434 cuncta
1208 4358 1366 4433 sonabit.

432 4468 502 4545 Cui
519 4494 642 4543 mores
660 4467 782 4559 nivei,
801 4465 982 4541 sermonis
1000 4468 1161 4558 candor,
1180 4478 1219 4541 et
1236 4467 1311 4543 oris

432 4576 629 4668 Maiestas,
647 4599 851 4670 sensusque
869 4575 1002 4649 sedens
1021 4575 1092 4649 sub
1110 4585 1259 4673 pectore
1277 4570 1436 4672 pulcher

432 4686 575 4760 Pronos
592 4683 795 4757 conciliant
813 4681 981 4773 animos,
999 4682 1227 4778 laudemque
1246 4704 1459 4779 perennem.

433 4792 490 4867 Sit
507 4788 617 4865 favor
635 4789 898 4889 hic-superum
916 4798 1109 4881 constane,
1129 4788 1179 4863 sit
1197 4786 1321 4889 gloria
1341 4786 1446 4872 nullo

432 4897 637 4974 Interitura
655 4896 732 4992 die,
751 4907 931 4971 votorum
950 4920 1098 4971 summa
1114 4920 1287 4971 meorum
1306 4893 1382 4969 est'l

434 5006 567 5081 Cetera
585 5015 717 5104 sponte
734 5007 864 5079 fluent.
884 5004 987 5079 Cana
1004 5006 1253 5103 adproperare
1273 5012 1441 5077 senectus
