4084 6000
1037 629 1112 704 256

438 849 487 924 Et
507 871 636 922 suooos
655 842 814 919 miscent
832 843 962 936 multi,
986 844 1180 943 pretioque
1198 843 1335 947 fugare

649 951 801 1052 Spicula
819 951 952 1026 mortis
972 963 1096 1028 avent.

438 1064 543 1139 Rura
561 1064 712 1162 placent
730 1058 830 1151 aliis,
853 1058 1053 1155 densisque
1073 1060 1111 1134 in
1131 1059 1290 1136 saltibus
1308 1066 1441 1160 optant

649 1165 825 1242 Cominus
845 1167 899 1241 ire
918 1165 1017 1242 ferie.

439 1278 546 1352 Alter
565 1274 713 1373 quaerit
731 1299 840 1374 open,
860 1299 964 1348 oaros
983 1274 1198 1372 linquitque
1216 1286 1389 1374 penates,

651 1381 899 1478 Aequoraque
918 1383 994 1457 alta
1012 1382 1127 1483 petit:

439 1492 523 1566 Heu
543 1483 674 1586 'quales
693 1500 848 1581 ventoS,
865 1489 992 1590 pelagi
1011 1515 1104 1587 quas
1124 1490 1283 1565 sustinet
1301 1490 1376 1566 iras

652 1596 817 1697 Speque,
837 1609 1016 1693 metuque
1035 1598 1185 1672 labans!

442 1704 593 1782 Summe
612 1714 718 1803 pater
736 1730 882 1796 rerum,
901 1705 990 1780 oelsi
1008 1707 1224 1780 moderator
1241 1704 1398 1807 Olympi

649 1810 724 1902 Qui
742 1812 805 1911 pia
824 1815 937 1886 oorda
956 1811 1080 1887 vides!
1129 1830 1140 1850 “

442 1917 607 2019 Aspicis,
626 1931 668 1994 ut
686 1921 839 1993 tendam
858 1919 1054 2020 dupplices
1072 1922 1122 1994 ad
1138 1919 1262 1995 sidera
1279 1919 1425 2018 palmas

652 2024 817 2103 Numina
836 2038 963 2101 saneta
982 2029 1151 2129 rogans?

442 2133 510 2207 Eia
528 2132 624 2207 mihi
642 2133 758 2208 dubio
776 2134 938 2209 multum
958 2137 1003 2208 de
1023 2146 1123 2210 sorte
1142 2132 1345 2235 benignam

652 2240 831 2341 Porrige,
850 2266 1009 2338 quaem,
1028 2268 1194 2317 manum.
1448 2312 1451 2323 ,

443 2348 567 2423 Indice
588 2357 625 2422 te
644 2373 815 2441 noscam,
834 2373 931 2445 quae
949 2349 997 2425 sit
1015 2350 1086 2427 tibi
1104 2360 1234 2451 grata,
1252 2348 1422 2445 mihique

652 2455 763 2530 Utilis
782 2466 821 2531 et
839 2457 994 2556 patriae
1136 2493 1141 2498 ·

943 2733 1199 2744 ---—-—-—-——

902 2996 1015 3078 ttde
1043 2994 1255 3081 xxxl.
1380 3003 1385 3012 '

976 3180 1180 3329 Consolatio

653 3384 847 3506 „llbstulit
865 3423 966 3497 vitae
985 3423 1083 3499 mihi
1100 3449 1206 3524 spem
1224 3426 1357 3499 beatae

653 3530 749 3604 Ister
767 3533 985 3629 exundans3
1003 3531 1101 3606 iaoet
1119 3531 1158 3606 in
1176 3530 1296 3605 ruinis

653 3637 861 3734 Squallidis
880 3649 1045 3738 tectum3
1063 3639 1163 3738 rapit
1180 3639 1283 3713 unda
1301 3637 1429 3733 siquid

1076 3746 1249 3821 Flamma
1265 3744 1454 3842 reliquit.“

654 3852 714 3929 Sio
734 3854 856 3954 gemit
874 3853 997 3929 tristes
1017 3854 1158 3929 iterans
1174 3853 1366 3950 querelas,

653 3962 810 4038 Peotore
829 3952 1007 4062 ingentes
1021 3960 1243 4058 refovetque
1262 3971 1387 4035 motus

652 4068 800 4162 Turba,
819 4092 915 4165 quae
935 4069 1039 4145 dirae
1058 4068 1271 4143 miseranda
1290 4068 1403 4142 sentit

1074 4176 1246 4251 Vulnera
1263 4175 1385 4250 sortis.

654 4282 692 4358 Si
711 4283 807 4358 nihil
823 4285 909 4358 duri
927 4297 1041 4384 caput
1058 4284 1300 4375 extimescat,

654 4390 692 4466 Si
710 4390 814 4490 legas
833 4416 965 4489 puroS‚
984 4393 1064 4466 sine
1081 4394 1182 4466 nube
1200 4390 1315 4465 soles:

652 4497 752 4573 Num
770 4497 843 4573 tihi
861 4498 983 4575 virtus
1002 4498 1183 4591 statione,
1208 4498 1349 4589 eredis,

1027 4644 1031 4651 ·
1077 4604 1177 4681 Fixa
1194 4604 1391 4680 manebit?

654 4712 809 4813 Saepius
828 4713 953 4789 nautis
972 4713 1142 4815 Zephyri
1162 4711 1342 4788 favebant

653 4819 755 4911 Quos
775 4820 901 4896 surens
920 4822 1026 4920 ponti
1044 4821 1251 4895 tumulavit
1269 4831 1414 4896 aestus:

654 4928 803 5005 Soilieet
822 4955 907 5006 raro
926 4932 1020 5005 bene
1040 4928 1248 5005 blandienti

1075 5036 1250 5113 Creditur
1268 5060 1393 5112 aurae.
