4084 6000
965 629 1142 756 *lib

492 841 614 948 Quive
631 843 737 942 prius
757 843 920 917 calamos
938 852 979 917 et
995 841 1144 942 pulpita
1162 843 1274 916 docta
1290 844 1456 932 terebat,

596 949 804 1048 Conspicuo
821 951 970 1050 populis
988 950 1074 1024 iura
1092 951 1157 1023 dat
1175 949 1277 1023 ecee!
1297 949 1444 1024 throno,

493 1057 678 1134 Ludimur
694 1057 845 1133 assiduo
862 1057 944 1131 vita
962 1055 1152 1158 fugiente3
1171 1081 1238 1131 uec
1256 1056 1351 1131 hora
1368 1067 1424 1130 est

596 1164 690 1240 Tam
706 1168 824 1258 bona,
841 1189 938 1261 quae
957 1163 1143 1262 sequitur,
1163 1188 1278 1260 quam
1296 1167 1395 1238 bona
1413 1162 1535 1262 prima
1553 1160 1639 1237 fuit.

492 1273 579 1348 lure
595 1271 718 1374 igitur
734 1271 851 1347 musis
868 1271 1009 1372 primos
1027 1281 1260 1371 praestamus
1278 1271 1458 1363 honores,

598 1377 768 1470 Quarum
785 1404 875 1479 prae
891 1378 1048 1476 reliquis
1065 1379 1223 1474 lausque
1240 1380 1428 1477 decusque
1446 1387 1582 1453 manet.

493 1487 591 1565 Oura
609 1485 658 1561 sit
676 1487 770 1562 haec
787 1488 912 1562 lusus:
932 1491 1085 1562 cunctas
1103 1489 1215 1562 modo
1233 1485 1380 1580 vincat,
1398 1498 1442 1562 ut
1460 1485 1648 1576 hucdum,

411 1595 414 1601 ’
597 1593 646 1670 Et
663 1594 837 1696 deinceps
855 1619 964 1670 ouras
981 1594 1179 1670 nobilitate
1198 1619 1276 1670 sua.

966 1980 1176 1996 ψ

905 2349 1107 2457 Elegia
1133 2351 1228 2436 xl.

693 2571 866 2644 Nonnulla
883 2572 974 2643 silue
990 2573 1129 2643 sedulis
1143 2574 1330 2660 praccepta
1351 2568 1459 2641 1835.

495 2737 595 2854 haus
613 2777 686 2854 tibi
700 2776 783 2853 iure
800 2780 913 2854 datur
930 2781 1127 2855 doctorum
1146 2804 1289 2856 summe
1309 2778 1512 2878 sophorum

599 2885 843 2988 Pythagora,
861 2887 1082 2964 immodicos
1100 2887 1167 2984 qui
1184 2886 1321 2987 premis
1340 2911 1404 2962 ore
1422 2909 1541 2960 sonos.

495 2992 642 3096 Quippe
660 2991 776 3069 animi
794 2993 899 3070 rudis
916 3020 995 3071 esse
1014 2998 1123 3071 doces
1142 2995 1342 3093 stolidique
1360 2993 1549 3091 levisque,

600 3101 681 3177 Vix
699 3101 827 3198 aliqua
844 3126 977 3196 eausa,
995 3106 1114 3179 verba
1130 3105 1288 3178 tacenda
1305 3102 1421 3199 loqui.

495 3209 606 3287 Dolia
623 3210 897 3310 plenatacent,
915 3212 982 3285 sed
998 3209 1128 3285 inania
1144 3235 1339 3287 murmure
1357 3234 1471 3286 rauco

601 3315 766 3393 Auribus
785 3316 939 3391 insuetis
957 3342 1036 3400 esse
1056 3318 1213 3393 molesta
1231 3319 1363 3393 solent·

499 3424 674 3503 Flumina
690 3422 799 3520 siqua
818 3433 1009 3523 strepunt,
1028 3426 1114 3523 quis
1133 3426 1273 3501 dixerit
1290 3423 1345 3499 ire
1363 3423 1580 3526 profunda?

602 3530 766 3631 Exiguis
783 3528 883 3606 ludit
900 3532 1056 3633 garrula
1073 3533 1236 3635 lympha
1251 3532 1370 3608 vadis

497 3638 630 3715 Annon
647 3637 821 3714 Danubio
839 3640 976 3715 fluetus
993 3640 1192 3715 cohibente
1210 3638 1375 3715 furentes
1487 3676 1489 3681 ·

602 3746 750 3849 Cymba
767 3743 942 3842 frequens
960 3748 1073 3823 remis
1093 3757 1247 3850 tergora
1263 3758 1346 3823 tuta
1364 3748 1493 3822 secat?

496 3854 599 3931 Dum
616 3854 805 3929 taciturna
822 3852 945 3930 iacent
961 3854 1122 3930 volitant
1140 3880 1252 3955 super
1269 3879 1430 3952 aequore
1448 3878 1580 3929 naves:

576 3960 652 4037 :At
668 3964 828 4037 verbosa
846 3960 932 4036 illas
951 3988 1061 4063 saepe
1078 3964 1243 4064 procella
1259 3973 1380 4038 voret.

496 4068 606 4146 Disce
622 4081 745 4145 tacere
764 4079 888 4146 catus:
908 4072 1099 4166 quondam
1116 4070 1169 4145 sic
1187 4073 1304 4147 verba
1321 4068 1504 4167 loqueris,

427 4168 431 4176 ’
603 4175 707 4268 Quae
724 4177 826 4252 Deus
842 4188 956 4274 atque
974 4178 1146 4254 homines
1163 4177 1245 4252 iure
1263 4180 1421 4278 probare
1432 4186 1589 4273 queant.

499 4282 540 4361 si
556 4283 676 4362 nescis
692 4283 849 4385 linguae
866 4282 1014 4360 fraenos
1032 4286 1219 4385 posuisse,
1237 4284 1329 4381 quid
1343 4285 1437 4361 ohe!

602 4390 704 4483 Quid
721 4388 856 4483 facies,
873 4391 999 4467 animo
1017 4393 1050 4466 si
1068 4390 1205 4467 fremat
1222 4392 1280 4466 ire
1299 4394 1397 4469 tuo‘l
1455 4417 1459 4421 ·

496 4497 694 4575 Fluctibus
712 4497 917 4574 affectuum
933 4501 1059 4574 trades
1076 4510 1113 4575 te
1132 4500 1231 4575 forte
1246 4500 1485 4601 regendum?
1546 4597 1547 4600 Ἴ

602 4605 688 4682 Heu
705 4606 859 4681 misero!
878 4606 1049 4682 tumulus
1066 4632 1179 4681 saeva
1196 4608 1403 4709 charybdis
1421 4605 1503 4681 erit.

497 4715 576 4790 Aut
592 4712 712 4789 neseis
729 4713 924 4814 speculum
940 4714 1076 4791 mentis
1095 4739 1263 4790 sermone
1281 4713 1442 4791 referri?
1486 4764 1488 4768 -

604 4820 788 4899 Garrulus
806 4819 943 4895 indicio
961 4822 1135 4922 proditur
1150 4822 1230 4922 ipse
1248 4848 1326 4898 suo.
1404 4866 1406 4873 ·

498 4929 628 5005 Ardua
645 4927 748 5026 (quis
764 4927 915 5004 dubitet
923 4931 965 5020 l)
982 4954 1042 5004 res
1058 4940 1115 5005 est
1133 4928 1186 5005 sio
1205 4930 1334 5005 dicere·
1347 4954 1513 5030 semper,

604 5035 659 5112 Ne
676 5038 832 5139 linguae
851 5034 965 5112 fuerit
982 5039 1094 5137 culpa
1110 5037 1249 5113 luenda
1260 5047 1363 5113 tuae.
