4084 6000
1044 636 1091 707 56

485 854 641 945 lamque
661 857 763 922 tenet
780 846 940 948 vigilem
959 846 1071 922 series
1090 847 1305 940 vastissima
1322 875 1468 942 rerum,

590 955 696 1046 Quae
715 954 811 1053 petit
828 953 1025 1053 ingenium
1043 955 1316 1051 consiliumque
1336 983 1467 1058 sagax.

486 1064 553 1140 Ille
572 1073 704 1162 potens
722 1063 854 1152 durat,
872 1060 1045 1156 viresque
1064 1087 1087 1134 a
1104 1064 1265 1160 pondere
1285 1087 1433 1140 sumens

591 1167 761 1266 Amplior
779 1167 818 1241 in
835 1167 996 1267 patriam
1016 1168 1179 1242 consulit
1199 1168 1285 1244 inde
1304 1195 1422 1246 suam.

487 1276 636 1353 Scilicet
654 1286 692 1348 et
710 1274 820 1349 Titan
838 1286 1008 1348 removet
1027 1273 1242 1349 rutilantior
1261 1281 1433 1372 umbras,
1486 1314 1490 1322 ·

591 1382 630 1457 Si
650 1380 772 1456 medio
791 1381 884 1475 coeli
903 1381 1045 1455 veitice
1063 1395 1193 1481 carpat
1210 1382 1291 1458 iter.

484 1487 759 1582 Munificosquc
778 1487 902 1586 magis
920 1489 1027 1587 largo
1047 1486 1196 1587 fulgore
1215 1479 1354 1564 calores

590 1593 798 1687 Diffundit,
816 1594 955 1670 sumini
972 1607 1104 1668 vectus
1124 1594 1162 1668 iu
1181 1620 1254 1670 axe
1272 1597 1360 1695 poli.

485 1701 579 1792 Quis
598 1727 672 1774 non
691 1700 754 1774 hic
771 1701 899 1775 vidit?
920 1727 1012 1774 mox
1032 1703 1109 1775 alta
1127 1701 1275 1778 Vienna
1292 1705 1444 1780 vocabit
1575 1789 1578 1792 ,

559 1889 562 1894 ,
590 1806 780 1906 Insignem
800 1819 906 1882 tanta
924 1808 1156 1884 dexteritate
1171 1809 1309 1885 virum.
1388 1881 1390 1888 s

485 1914 632 2014 Quippe
651 1939 787 2019 graves
805 1914 949 2006 (novit)
967 1914 1134 1990 sollertia
1152 1929 1302 2014 pectora
1320 1942 1431 1992 curae

589 2022 813 2096 Exacuunt:
833 2045 943 2095 curas
962 2022 1087 2096 nobile
1106 2036 1237 2119 pectus
1256 2037 1369 2107 aurat.

485 2128 678 2219 Poscitur:
697 2126 736 2201 in
755 2139 864 2202 coetu
883 2127 959 2202 iam
977 2153 1076 2202 nunc
1095 2129 1202 2204 velut
1221 2130 1362 2204 arbiter
1380 2131 1457 2204 alto

529 2317 533 2323 ,
591 2234 671 2326 (Sic
689 2233 850 2329 veniunt
867 2233 1011 2308 meritis
1030 2255 1188 2310 munera
1205 2236 1342 2336 digna)
1361 2240 1474 2312 sedet.
1526 2293 1529 2300 -

485 2342 643 2417 Nestora
661 2365 828 2417 censeres
846 2340 969 2439 prima
986 2341 1064 2415 illic
1083 2344 1168 2417 sede
1186 2343 1373 2435 locatum,

590 2449 668 2522 Aut
685 2473 782 2542 quae
800 2447 975 2522 maiestas
993 2446 1116 2522 fronte
1135 2449 1286 2524 Catonis
1305 2463 1395 2530 erat,

484 2556 588 2629 Haec
608 2554 705 2628 inter
722 2555 836 2628 sacris
853 2579 922 2628 rex
942 2554 1246 2630 servantissimus
1259 2558 1375 2651 aequi

588 2661 854 2767 Daphnidibus
870 2660 1006 2736 viduos
1024 2661 1198 2760 providet
1217 2663 1295 2761 ipse
1314 2689 1475 2762 greges.-

488 2768 649 2841 b'iderat
666 2768 790 2841 Alba
807 2768 879 2849 tibi
896 2793 1023 2868 passos
1041 2767 1190 2846 fluitare
1209 2770 1388 2868 capillos,

590 2874 638 2948 Et
656 2899 786 2948 carum
799 2876 965 2949 'tremula
983 2901 1075 2950 voce
1094 2901 1228 2952 vocare
1249 2877 1337 2952 Suu
1349 2876 1484 2952 tsits:

484 2979 594 3055 Exue
612 2980 840 3055 maestitiam
859 2982 980 3073 dixit,
998 3009 1082 3082 spes
1101 2983 1252 3084 concipe
1271 2996 1393 3077 tutas,

590 3089 626 3163 H
638 3088 842 3179 orvath,
860 3088 927 3183 qui
946 3090 1092 3177 tristem
1112 3102 1158 3165 te
1177 3092 1381 3183 recreabit,
1401 3092 1483 3165 erit.

485 3196 517 3271 Ο
535 3220 632 3291 quae
650 3218 759 3267 musa
776 3191 873 3268 mihi
891 3196 1135 3288 memorabit,
1152 3199 1293 3297 gaudia
1311 3198 1415 3272 cordi

589 3303 692 3376 Haec
711 3297 855 3398 patriae
873 3299 991 3397 patris
1009 3313 1152 3395 quanta
1170 3306 1304 3378 dedere
1323 3305 1407 3379 tuol

484 3408 601 3485 Cuius
619 3408 782 3481 virtutes
801 3401 946 3479 dudum
965 3407 1152 3482 celebrare
1171 3411 1334 3502 sclebaS,
1363 3458 1366 3467 ·

589 3512 776 3612 Amplecti
795 3513 896 3586 hunc
915 3525 1060 3611 patrem
1079 3516 1202 3609 q-uirl‘l
1222 3516 1293 3590 nisi
1311 3519 1420 3591 dulce
1436 3518 1511 3592 tibi
1529 3529 1595 3592 cst.

485 3624 564 3699 lam
584 3634 651 3694 tua
668 3630 768 3693 tecta
786 3618 909 3714 subit,
929 3618 1013 3704 iam,
1025 3622 1169 3694 scandit
1187 3623 1335 3697 culmen
1355 3624 1527 3719 honoris,

589 3726 674 3817 Qua
692 3724 858 3824 placidos
876 3751 1027 3826 gressus
1045 3751 1137 3801 cura
1154 3728 1334 3823 laborque
1353 3732 1484 3828 praeit.
1515 3721 1517 3726 ’

484 3832 611 3911 Insula
629 3832 753 3908 fronte
772 3835 895 3925 sedet,
912 3836 1077 3933 pendent
1096 3833 1261 3934 insignia
1278 3838 1393 3926 collo,
1457 3912 1459 3919 ,

588 3939 809 4016 Pontificale
827 3940 965 4039 premit
982 3943 1119 4015 dextra
1137 3945 1300 4031 verenda
1318 3946 1467 4040 pedum.

485 4047 547 4123 Nil
566 4048 725 4122 mortale
742 4047 868 4122 vides:
888 4046 1054 4122 formosa
1071 4047 1255 4121 modestia
1273 4050 1426 4127 vultum

589 4156 693 4230 luter
709 4164 910 4247 vernantes
927 4164 1086 4253 occupat
1105 4153 1206 4228 eccel
1226 4180 1340 4231 rosas,

484 4260 559 4335 Ora
578 4271 705 4335 movet
723 4263 886 4359 grandes
905 4262 1103 4335 moderans
1121 4260 1324 4362 vigilantia
1342 4288 1473 4355 curas,

589 4368 637 4441 Et
655 4367 810 4440 niveum
828 4378 956 4440 sancto
975 4378 1106 4465 pectus
1124 4371 1172 4441 ab
1191 4368 1280 4469 igne
1299 4370 1406 4449 calet.
1496 4418 1498 4423 .

485 4474 572 4548 Eia!
592 4473 815 4573 triumphali
833 4473 1014 4572 plaudens
1032 4472 1272 4574 praecingere
1291 4475 1417 4564 lauro,

589 4580 638 4655 Et
657 4581 768 4655 sclito
786 4579 948 4654 frontem
968 4580 1122 4672 celsim,
1141 4581 1284 4673 Alba,
1302 4582 1398 4657 leva.

483 4686 704 4784 Officiisque
723 4687 800 4787 piis,
814 4697 938 4779 certa,
956 4686 1129 4783 votisque
1149 4689 1319 4765 remistas
1445 4752 1446 4757 ,

590 4794 701 4894 Spes,
719 4793 836 4873 animi
856 4799 988 4887 testes,
1003 4820 1096 4897 voce
1115 4806 1269 4873 sonante
1288 4792 1405 4870 roser:
1534 4816 1538 4821 ·
