4084 6000
997 618 1074 694 248
1115 700 1117 705 ,

924 733 1135 748 Ἠ

553 837 728 938 Linguae
746 833 944 935 praecipiti
963 832 1117 933 cuspide
1136 844 1312 931 torqueat

552 942 725 1037 Vulnus,
743 941 893 1042 pacifici
909 953 1040 1042 pectus
1058 941 1098 1016 in
1113 941 1308 1044 integrum

554 1051 606 1127 Vi
624 1051 730 1126 nulla
747 1058 939 1149 penetrat:
961 1052 1127 1146 dumque
1146 1061 1273 1125 manet
1291 1076 1359 1127 sno

554 1159 661 1235 Mens
679 1154 841 1232 infracta
859 1157 941 1232 loco
959 1159 1078 1233 verba
1095 1157 1307 1235 calumniae

554 1266 678 1345 Fortis
697 1290 766 1340 ceu
784 1262 963 1366 fragilem
981 1265 1116 1340 temnit
1134 1266 1370 1344 arundinem.

662 1373 766 1448 Haec
784 1397 850 1446 nos
870 1397 980 1474 saepe
999 1382 1144 1466 movet,
1162 1399 1235 1450 non
1255 1376 1345 1472 qnia
1362 1377 1519 1477 grandis
1537 1386 1614 1469 est,

557 1481 629 1557 Sed
647 1483 830 1582 grandem
849 1478 1031 1578 facimus3
1050 1482 1141 1557 dum
1159 1480 1283 1556 minor
1300 1482 1447 1582 impetu

555 1589 622 1664 Est
640 1587 748 1672 nobis
767 1586 926 1664 animus.
947 1586 1111 1662 Vincere
1128 1608 1204 1664 non
1223 1613 1338 1686 queas
1469 1602 1472 1608 '

555 1695 690 1793 Siquid
709 1693 903 1770 difficilem
921 1695 1047 1771 reddit
1064 1695 1225 1795 opinio?
1394 1684 1398 1692 ’

660 1804 715 1896 At,
729 1812 879 1878 scutum
898 1802 1085 1903 impavidi
1102 1804 1265 1903 pectoris
1284 1804 1404 1881 obiice

465 1954 468 1964 ·
553 1910 792 2011 Linguarum
810 1909 943 1984 iaculis
961 1935 1037 1986 non
1056 1911 1290 2010 superabile3

553 2016 834 2118 Indignumque
852 2028 947 2116 puta
965 2016 1122 2094 fundere
1140 2017 1325 2094 lacrimas,

555 2126 675 2201 Tutus
693 2124 857 2225 propitio
877 2124 1052 2218 numine,
1076 2136 1113 2200 et
1130 2126 1266 2222 integri

554 2231 723 2310 Munitus
743 2231 880 2320 validis
899 2232 1060 2332 pectoris
1079 2233 1246 2310 aedibus.

931 2418 1136 2431 —ffl

860 2557 973 2638 (lde
1002 2556 1213 2642 xxm.

928 2720 980 2790 Ad
1006 2721 1138 2792 Horum.

608 2835 663 2951 Te
682 2880 795 2952 decus
814 2876 933 2970 veris,
951 2902 1056 2970 rosa,
1075 2877 1106 2951 si
1124 2880 1331 2954 modestam

605 2983 784 3084 Explices
803 2982 966 3061 frontem
985 2984 1124 3061 tacitus
1142 2985 1271 3061 videre

606 3091 699 3184 Quis
718 3094 864 3190 queat?
886 3092 970 3189 quis
990 3120 1066 3168 uon
1083 3095 1248 3169 celebret
1267 3118 1402 3169 sonoro

1032 3201 1205 3277 Carmine
1224 3201 1411 3304 dignam?

606 3307 700 3399 Quis
718 3320 832 3409 neget
850 3308 999 3384 blandis
1018 3310 1206 3411 Zephyris
1225 3309 1407 3401 amicam,

608 3418 806 3515 Purpurea
825 3417 944 3491 laetos
962 3417 1090 3491 oculos
1108 3418 1290 3493 morantis
1334 3450 1337 3455 ·
1430 3448 1433 3457 ·

611 3525 829 3616 Aemulam,
848 3533 887 3597 et
904 3548 1017 3599 cursu
1036 3523 1168 3623 rapido
1185 3524 1336 3602 fluentis

1034 3632 1219 3733 Symbola
1235 3634 1367 3708 vitae?

608 3737 805 3815 Cernimus
824 3738 941 3840 spinis
960 3738 1122 3840 riguisse
1140 3740 1254 3815 duris-

608 3846 706 3921 Hinc
725 3855 762 3920 et
780 3846 869 3923 hinc
888 3872 1011 3921 ramos
1031 3845 1149 3923 nitide
1168 3847 1353 3923 virentes:

607 3952 756 4053 Quippe
775 3957 968 4030 mordaces
986 3954 1130 4055 pariter
1147 3953 1349 4055 recingunt

1034 4060 1111 4138 Nos
1129 4086 1283 4159 quoque
1300 4087 1423 4138 curae.

607 4169 803 4247 Cernimus
822 4194 969 4245 vermes
988 4168 1060 4243 tibi
1077 4193 1186 4269 saepe
1206 4167 1337 4247 multis

606 4276 791 4353 Dentibus
809 4277 929 4378 vulgo
948 4288 1016 4352 aut
1034 4276 1147 4353 tacite
1166 4277 1339 4352 nocivos:

606 4384 763 4487 lividae
781 4384 835 4459 sic
854 4409 921 4459 nos
940 4383 1113 4461 homines
1131 4384 1318 4461 lacessunt
1413 4440 1417 4447 -

1031 4492 1196 4590 Crimine
1215 4492 1381 4594 linguae.

608 4601 656 4679 At
674 4600 731 4677 tui
749 4609 860 4703 grato
878 4612 1051 4677 recreant
1069 4601 1183 4675 odore

605 4709 658 4785 Ut
677 4708 800 4785 sinus:
820 4734 842 4784 o
861 4734 928 4785 nos
946 4708 1096 4785 utinam
1114 4729 1298 4804 queamus

604 4815 687 4893 Non
707 4816 832 4892 minus
851 4816 1019 4917 pulchris
1037 4814 1183 4892 meritis
1203 4817 1356 4891 decoros

1028 4922 1167 4999 Vivere
1185 4922 1303 4998 soles!
