4084 6000
938 658 1010 733 191
1138 658 1140 665 ’

336 871 384 947 Et
402 869 556 945 memini
573 869 712 945 libasse
729 869 839 970 genis,
856 865 1043 948 ferventia
1062 872 1199 946 nostris

335 978 492 1072 Oscula,
511 976 622 1052 mista
640 976 712 1078 piis
729 967 839 1052 votis.
859 976 920 1053 Sic
937 976 1004 1051 illa
1023 977 1183 1054 nitorem

335 1085 472 1161 Sedula
489 1085 649 1160 vestitus
667 1084 806 1177 nostri,
825 1085 879 1159 aie
898 1084 1063 1184 corporis
1082 1085 1203 1162 omnis

338 1194 533 1269 Adcurans
550 1191 652 1267 vixit
669 1191 749 1266 nati
767 1191 905 1266 devota
923 1192 1048 1268 saluti.
1173 1221 1176 1226 ·

439 1300 525 1374 Huc
542 1299 684 1400 pietas,
704 1300 780 1373 huc
798 1299 919 1373 dulcis
938 1301 1062 1375 amor!
1080 1300 1301 1401 praecordia
1318 1310 1446 1375 nostra

336 1405 444 1482 Urite
463 1407 667 1507 suppositis
687 1414 793 1498 (nam
812 1406 1020 1506 poscimus)
1039 1409 1139 1484 urite
1158 1407 1340 1483 flammis!

336 1512 430 1604 Quis
447 1515 556 1589 labor
574 1515 789 1611 exaequet?
810 1525 960 1614 superet
978 1540 1075 1610 quae
1094 1541 1186 1591 cura
1202 1525 1403 1615 parentum

337 1621 407 1697 Tot
424 1621 560 1723 vigiles
580 1647 708 1716 curas,
728 1621 835 1718 queis
854 1624 1008 1697 adstant
1024 1623 1204 1699 mollibus
1222 1623 1361 1697 annis?

337 1727 499 1819 Queisve
516 1743 658 1832 regunt
675 1729 815 1804 vitreos
834 1755 976 1826 mores3
996 1728 1431 1830 properantquefuturis

337 1836 491 1912 Civibus
511 1848 550 1912 et
568 1863 699 1912 census
719 1861 881 1936 augere,
900 1848 937 1912 et
954 1839 1033 1912 tela
1051 1833 1223 1934 sinistqaa

336 1944 518 2020 insidiosa
535 1944 858 2044 hominipassim,
879 1947 1066 2044 depellere
1084 1945 1207 2022 sortis.

337 2051 394 2128 Tu
412 2052 530 2145 mihi,
549 2077 634 2127 care
652 2063 779 2151 pater,
797 2051 954 2151 chiron,
973 2053 1146 2128 Cornelia
1163 2062 1263 2128 corte

336 2157 458 2234 Mater
475 2185 578 2236 eras:
598 2157 773 2234 Vestram
789 2159 948 2260 posthac
966 2159 1137 2236 refovere
1155 2171 1342 2236 senectam

337 2267 437 2344 (lura
455 2266 552 2341 mihi
569 2267 741 2366 princeps
760 2265 895 2344 suerit:
916 2267 947 2341 si
966 2270 1062 2342 dura
1073 2267 1176 2344 ferat
1193 2293 1273 2344 sors

337 2374 420 2449 Non
437 2373 605 2449 humeris
624 2375 769 2450 subiise.
782 2401 940 2477 negem,
959 2401 1027 2450 ceu
1045 2377 1186 2451 troicus
1204 2377 1336 2473 heros‘3
1433 2434 1438 2438 .

337 2481 602 2579 Romanaeque
620 2481 722 2558 vices
739 2487 933 2559 matronae
952 2483 1024 2558 rite
1042 2492 1180 2560 tenore.

338 2587 422 2680 Quo
439 2589 529 2665 licet
547 2613 667 2686 usque
685 2589 794 2675 bouis
812 2589 985 2665 insistere
1004 2590 1165 2688 denique
1183 2615 1331 2690 semper
1387 2597 1389 2605 ’

338 2695 553 2797 Exemplis,
571 2697 813 2798 placidosque
831 2697 931 2790 dies,
950 2697 1126 2795 curisque
1145 2700 1289 2801 solutos

338 2801 484 2880 Nostris
501 2807 573 2880 sub
590 2804 916 2881 tectis'vobisc'um
937 2806 1073 2881 ducere
1089 2805 1214 2881 fixum
1232 2817 1298 2880 est.

868 3100 1079 3109 ,ια-...ι-

903 3340 1040 3419 XVlII.

517 3561 648 3651 sinque
666 3564 776 3633 latino
792 3563 945 3651 queritur
961 3580 999 3647 se
1016 3563 1054 3631 in
1070 3564 1145 3633 dics
1162 3564 1270 3653 maus
1286 3564 1423 3654 ncqliqi.

259 3860 265 3871 ι
342 3728 453 3843 Nuda
472 3777 607 3867 caput,
625 3768 806 3843 discincta
824 3767 1022 3867 humeroS,
1041 3765 1210 3842 confecta
1227 3768 1375 3863 dolore,

342 3876 566 3951 huminibus
586 3877 690 3952 coelo
707 3875 819 3967 fiscia,
838 3875 901 3975 pia
919 3883 1074 3973 pectora
1086 3876 1231 3971 tundo,

343 3982 521 4080 Quasque
539 3984 645 4058 dolor
662 3983 791 4084 giguit
808 3982 1004 4075 lacrimas,
1024 4006 1117 4077 quas
1136 4008 1201 4057 ore
1218 3982 1390 4078 querelas

342 4090 476 4182 Elicit,
496 4115 611 4191 aegra
628 4090 762 4183 nimis,
780 4102 983 4186 noctesque
1000 4090 1154 4185 diesque
1171 4086 1370 4189 profundo,
1462 4177 1464 4184 ¹

344 4197 483 4295 Ecquis
500 4224 561 4273 me
579 4198 755 4273 miseram
773 4196 925 4280 tandem
945 4196 1161 4271 solabitur?
1174 4196 1310 4293 ecquis

344 4304 506 4381 Adiiciet
523 4304 623 4380 iusto
641 4304 808 4380 fomenta
823 4304 989 4405 benigna
1007 4303 1129 4384 dolori
1138 4306 1165 4379 ‘l'

345 4412 454 4489 Unde
472 4438 555 4487 reos
574 4412 664 4487 olim
683 4412 867 4487 recreabit
883 4412 1040 4513 gratia‘l
1060 4410 1092 4486 si
1109 4413 1171 4485 me

344 4519 510 4622 Egregie
528 4521 706 4595 meritam
724 4530 932 4611 contemtus
949 4530 1088 4611 vexat,
1106 4528 1145 4596 et
1161 4520 1305 4595 horror.
1338 4548 1358 4618 j

346 4626 448 4718 Quid
465 4627 615 4728 populis
634 4629 709 4703 late
727 4627 870 4701 uocui‘?
890 4650 965 4722 quo
985 4626 1143 4701 crimine
1160 4626 1284 4701 laesi?
1374 4673 1377 4678 ·

346 4737 424 4812 Aut
441 4735 535 4832 quid
553 4746 652 4828 erat,
669 4733 793 4834 potuit
811 4758 886 4830 quo
905 4734 1083 4829 lausque,
1101 4735 1290 4830 decusque
1306 4734 1452 4832 parari,
1489 4761 1492 4763 ’

347 4841 458 4933 Quod
476 4841 573 4916 mihi
586 4868 666 4918 uon
685 4854 797 4917 curae
815 4840 961 4915 fuerit‘l
980 4841 1157 4915 mortalia
1171 4840 1313 4941 passim
1399 4911 1402 4918 .

347 4952 506 5026 Pectora
524 4940 647 5051 caligo
665 4947 828 5026 tenebris
846 4946 1010 5021 involvit
1028 4947 1175 5046 opacis,
1290 5002 1293 5006 -

347 5058 456 5151 Iura,
474 5056 575 5132 salus
592 5058 751 5157 populos
768 5081 837 5156 per
853 5078 1039 5156 magnum
1056 5053 1227 5154 protinus
1245 5055 1374 5131 orbem
1400 5116 1406 5123 ,
