4084 6000
982 602 1055 678 all

383 814 592 890 Subsidunt
610 817 721 890 vultu
733 809 1043 915 ,²digitis·manus
1061 814 1190 890 horret
1209 816 1385 908 aduncis,
1408 888 1410 891 .

381 922 429 997 Et
448 925 603 1006 suadere
622 922 725 998 nefas
744 934 782 997 et
799 923 965 998 multum
984 925 1121 996 audere
1139 935 1282 1022 parata.

381 1030 473 1104 Dira
493 1029 610 1105 fames
628 1031 739 1105 iuxta
757 1029 943 1131 exsangui
960 1031 1194 1129 praepallida
1210 1031 1333 1124 vultu,

382 1138 507 1213 Torva
525 1139 744 1237 supercili0,
763 1149 884 1214 costas
902 1140 1045 1212 nudata
1064 1147 1249 1236 patentes,
1288 1193 1291 1197 ,

382 1244 535 1320 Ventris
554 1246 670 1321 habet
687 1272 755 1347 pro
774 1257 904 1320 ventre
923 1247 1068 1338 locum,
1085 1245 1157 1319 vix
1175 1244 1322 1320 ossibus
1340 1244 1482 1320 haeret.

382 1353 461 1427 Hos
480 1354 645 1446 comites,
664 1355 757 1428 haec
776 1365 943 1430 menstra
961 1364 1049 1428 tuae
1069 1353 1101 1426 si
1119 1352 1275 1452 iungere
1293 1353 1395 1426 vitae
1519 1396 1522 1400 «

383 1461 526 1537 Fixum
545 1473 668 1536 mente
686 1462 759 1538 tibi
777 1473 849 1554 est,
868 1471 998 1562 coepto
1017 1459 1079 1535 fac
1096 1461 1248 1534 tramite
1265 1462 1393 1534 vadas.

853 1669 972 1756 Labori
990 1691 1030 1755 se
1048 1669 1184 1754 addicit.
1203 1796 1210 1805 Χ

488 1889 667 1972 Dixerat:
686 1891 727 1966 in
744 1902 875 1966 tenues
893 1892 963 1966 vix
981 1891 1048 1966 illa
1064 1900 1267 1965 recesserat
1285 1914 1397 1984 auras
1406 1947 1416 1982 ,

384 1997 618 2098 AmbiguuS,
637 1999 799 2073 velutin
817 1999 943 2092 bivio,
960 1999 1152 2073 titubabat
1167 1997 1321 2089 Alexis,

381 2105 430 2180 Et
448 2130 623 2180 revocare
640 2109 786 2207 pedem,
799 2117 842 2181 et
859 2105 1026 2182 mentem
1045 2116 1193 2182 mutare
1209 2115 1384 2205 paratus,

383 2213 422 2288 Si
441 2209 552 2286 medo
571 2213 656 2310 quis
676 2214 796 2290 sociae
816 2214 1026 2316 disiungat,
1046 2225 1085 2288 et
1101 2215 1202 2290 adsit
1220 2214 1377 2289 honesto

382 2317 466 2411 Quo
485 2330 615 2420 pectus
632 2341 784 2396 rursum
802 2321 972 2416 incaluit,
989 2321 1145 2396 virtutis
1162 2321 1294 2396 amori.

383 2427 573 2504 Exhcrret
590 2431 691 2503 inala
709 2455 800 2505 mox
820 2429 962 2520 audita²
978 2429 1158 2524 videtque
1177 2427 1323 2520 futura,

381 2534 430 2610 Et
437 2537 564 2634 pudet
582 2536 738 2612 amissae
757 2535 899 2629 famae,
917 2536 1117 2632 laudisque
1135 2538 1309 2627 decorae,

385 2641 508 2732 Quam
526 2643 685 2736 meruit,
704 2644 821 2718 musis
840 2646 931 2718 dum
947 2641 1048 2720 fidus
1067 2642 1169 2716 vixit
1188 2643 1375 2717 alumnus,

383 2750 537 2845 Iamque
556 2752 668 2849 pedes
688 2753 855 2843 tardant,
873 2774 1080 2846 vocemque
1100 2749 1248 2824 silentia
1266 2750 1450 2827 claudunt

384 2857 505 2954 Illius3
524 2856 787 2953 incassumque
805 2857 914 2932 novis
933 2858 1015 2958 agit
1033 2857 1183 2934 artibus
1195 2857 1265 2930 illa

385 2963 574 3040 Pernicies
593 2965 694 3040 vitae
712 2965 896 3058 florentis,
915 2959 1054 3040 blanda
1071 2963 1263 3064 voluptas:

385 3073 480 3147 Ou'nr
498 3074 605 3148 labor
622 3072 728 3169 haud
745 3074 860 3149 dubio
879 3071 1056 3147 divorum
1075 3073 1228 3164 nurnine
1246 3094 1421 3171 praesens
1474 3122 1477 3128 -

383 3179 555 3255 Occurrit
572 3192 795 3280 properante
813 3183 959 3283 gradu,
977 3183 1176 3275 nudusque
1194 3178 1354 3253 lacertos

382 3288 643 3383 Incultusque,
661 3290 791 3389 rigans
809 3288 981 3363 madidos
999 3287 1200 3363 sudoribus
1219 3296 1333 3361 artus

382 3395 431 3471 Et
448 3396 579 3494 procul
596 3395 691 3477 heus
710 3396 876 3471 iuvenis!
899 3395 1035 3470 nostris
1055 3393 1277 3496 dignissime
1295 3394 1445 3486 castris,

382 3502 557 3602 Huc‘agc
576 3503 734 3578 mollitie
753 3508 894 3603 spreta,
914 3504 1089 3598 curisque
1108 3501 1264 3595 dolosis,
1338 3498 1341 3504 ’
1383 3571 1387 3577 .

383 3609 442 3684 Ad
460 3636 544 3684 mea
562 3613 744 3685 sudorum
763 3610 1018 3710 pulcherrima
1036 3621 1160 3684 castra
1177 3609 1315 3683 venite.

382 3716 539 3792 Viribus
556 3716 631 3810 hic,
650 3718 861 3815 animisque
881 3718 956 3793 tuis
976 3717 1040 3791 eni
1060 3727 1150 3815 apta
1167 3716 1318 3791 theatra

384 3825 566 3916 Invenies,
583 3835 732 3923 torpore
750 3826 897 3925 procul,
915 3824 1098 3920 vitiisque
1118 3821 1273 3924 fugatis

382 3932 454 4005 Hic
474 3932 546 4006 sibi
564 3958 681 4033 regna
698 3942 834 4031 parant
851 3956 973 4032 regeS,
990 3930 1153 4005 victoria
1171 3930 1282 4004 claris

382 4039 455 4112 Hic
463 4040 632 4137 kducibus
650 4042 792 4139 gaudet
810 4039 999 4136 quaesitas
1017 4040 1169 4113 tendere
1187 4037 1353 4136 palmas;

383 4146 533 4222 Gratior
551 4146 718 4247 aggestis
737 4147 903 4221 nummis
920 4146 983 4220 hic
1002 4144 1105 4244 fama
1124 4155 1316 4237 moratur,
1391 4214 1394 4216 i

383 4256 634 4328 Praetendens
653 4254 798 4330 meritis
818 4256 1031 4353 palmas,'et
1049 4254 1181 4327 laurea
1199 4264 1307 4327 serta.
1355 4282 1358 4287 ’

382 4360 456 4435 Hic
474 4386 603 4435 musae
622 4361 804 4455 resident,
823 4361 886 4435 hic
905 4364 1038 4436 doctae
1055 4361 1222 4437 Palladis
1240 4371 1351 4434 artes.

383 4466 458 4557 Qui
476 4468 578 4542 canit
596 4494 711 4565 arma,
729 4468 843 4561 viros,
854 4470 999 4568 animos
1019 4468 1086 4565 qui
1104 4468 1270 4543 carmine
1288 4467 1439 4559 mulcet,

384 4574 517 4650 Noctes
537 4588 649 4672 atque
668 4577 746 4649 dies
765 4576 901 4651 nostris
920 4578 1077 4675 apponit
1094 4576 1254 4651 honores

383 4682 478 4757 Aris
498 4684 596 4757 Hinc
613 4684 755 4758 virtute
773 4694 904 4783 petens
923 4682 1103 4759 facundia
1121 4683 1266 4784 surgit,

382 4790 431 4866 Et
449 4802 575 4866 movet
592 4790 674 4891 ipsa
693 4790 847 4883 animas
866 4801 904 4865 et
923 4815 999 4887 qua
1016 4792 1123 4865 lubet
1142 4814 1257 4865 aurea
1275 4789 1403 4863 flectit.

386 4898 472 4997 Ipsa
489 4898 582 4973 meis
600 4898 723 4974 virtus
742 4897 942 4973 succrescit
959 4898 1097 4974 nobilis
1116 4897 1238 4973 arvis:

386 5004 486 5081 Hinc
502 5000 686 5107 magnum
703 5008 868 5084 Aeneam
886 5004 1006 5106 pietas
1024 5031 1092 5106 per
1109 5004 1258 5082 saecula
1275 5000 1384 5079 vexit

1364 5105 1443 5184 14*
