4084 6000
892 675 895 682 -
1008 613 1081 694 156

408 827 456 904 Et
472 829 602 932 lappas
621 833 755 907 animis
773 836 1005 929 tribulosque
1025 832 1206 925 evellere,
1225 832 1359 932 glebae

408 937 525 1034 Inque
545 939 666 1014 vicem
684 943 862 1018 mandare
880 945 999 1018 bonae
1018 943 1116 1015 bona
1134 939 1296 1031 semina,
1314 937 1446 1014 ocutis.
1519 986 1522 996 ·

512 1047 666 1141 Iamque
684 1048 823 1144 liquet,
841 1052 954 1125 decus
970 1050 1070 1122 unde
1089 1071 1200 1122 suum
1218 1046 1304 1146 pius
1321 1047 1412 1121 ordo
1430 1069 1585 1135 vocare,

350 1173 357 1188 ‘
411 1150 558 1248 Curque
577 1165 696 1247 amet,
715 1166 753 1230 et
772 1157 900 1256 cupiat
917 1155 986 1232 tali
1004 1157 1183 1230 recubare
1201 1153 1386 1228 columna.

407 1257 474 1332 Ille
492 1260 551 1335 tui
568 1263 672 1338 dotes
691 1263 830 1354 animi,
848 1267 1050 1360 doctosque
1068 1262 1233 1355 labores,

406 1364 456 1439 Et
474 1367 613 1467 vigiles
631 1381 755 1445 noctes
774 1397 955 1470 pensans,
971 1376 1011 1444 ‘et
1029 1369 1203 1445 acumina
1220 1368 1375 1446 mentis:

407 1471 631 1577 Spanyik
649 1477 742 1570 eriS,
760 1478 881 1571 dixit,
900 1477 977 1552 cari
995 1477 1062 1573 qui
1079 1476 1261 1575 praesidis
1279 1475 1413 1574 amplis

405 1580 573 1656 Adsistes
592 1583 710 1676 curie,
729 1585 947 1682 animosque
965 1585 1218 1679 humerosque
1234 1582 1363 1658 viriles

406 1687 613 1764 Subiiciens
632 1693 737 1766 oneri
755 1705 881 1784 tanto,
899 1694 1098 1787 lucemque
1116 1715 1305 1783 serenam,

404 1794 544 1888 Quota
562 1795 731 1898 perfudi,
750 1801 943 1875 cumulata
960 1800 1043 1874 luce
1062 1796 1248 1874 refundes.

406 1905 496 2004 Spes
514 1906 646 1980 valuit.
674 1900 756 1982 Non
776 1908 807 1983 si
824 1905 942 2006 pietas
959 1906 1054 1981 velit
1071 1906 1153 2005 ipsa
1170 1901 1312 2004 profari
1412 1947 1421 1965 -

404 2013 532 2113 Digna
549 2012 658 2089 bonis
676 2014 793 2111 natis,
809 2041 907 2105 non,
925 2012 958 2087 si
975 2012 1152 2088 facundia
1170 2035 1345 2111 praesens

405 2120 496 2194 Fors
515 2119 747 2195 maiestatem
765 2121 893 2221 cupiat
911 2146 1024 2220 super
1043 2133 1145 2194 astra
1163 2121 1306 2212 levare,

404 2226 455 2302 Te
472 2226 545 2301 nisi
564 2229 738 2327 deposcat
756 2227 868 2328 fungi
886 2229 988 2303 vice:
1008 2239 1136 2302 tantus
1154 2252 1281 2304 amore

403 2336 447 2409 In
465 2335 656 2410 Bollam
674 2337 841 2436 assurgis
859 2348 1007 2427 tenero,
1027 2346 1064 2409 et
1081 2335 1143 2433 pia
1161 2345 1313 2433 pectora
1330 2333 1448 2410 ducis.

403 2442 545 2517 Tantus
562 2443 885 2517 Franciscum
903 2442 1104 2517 veneraris.
1134 2441 1263 2518 Gloria
1281 2440 1394 2516 saecli

403 2551 477 2623 Iste
497 2546 588 2641 fuit,
606 2550 754 2648 generis
772 2553 885 2624 decus
903 2550 1136 2641 immortale,
1155 2573 1308 2623 suorum

404 2656 589 2747 Deliciae,
607 2659 698 2731 dum
716 2656 796 2731 sata
813 2660 974 2732 dabant:
995 2657 1241 2754 quaflumine
1260 2655 1377 2730 vestri

404 2763 556 2859 Eloquii
574 2775 652 2838 tam
671 2790 759 2840 cara
776 2764 853 2839 suis
871 2778 1074 2839 revocatur
1091 2765 1238 2864 imago,

403 2869 552 2962 Quanta
571 2869 665 2963 fuit,
684 2873 880 2969 qualisque
899 2883 1048 2962 manet,
1067 2873 1159 2947 dum
1177 2872 1365 2946 cernimus
1382 2868 1524 2967 ipsam,

402 2977 565 3053 Mitescit
584 2979 709 3072 dolor,
728 2992 765 3054 et
782 2980 959 3055 lacrimae
976 2979 1167 3054 siccantur
1183 2988 1389 3053 amantum.

402 3086 479 3162 Nec
497 3086 620 3160 minus
639 3088 803 3179 audiris,
822 3114 897 3183 qua
915 3086 1197 3161 consiliantibus
1217 3087 1343 3160 adstas

402 3195 600 3286 Patribus,
618 3205 656 3268 et
674 3197 808 3272 suades
826 3194 995 3296 Tiphyn,
1014 3195 1077 3267 cui
1096 3196 1246 3268 credere
1265 3194 1434 3281 clavum,

402 3300 580 3396 Quosque
599 3327 711 3400 super
728 3304 900 3376 transtris
917 3303 1038 3375 socios
1058 3300 1195 3375 vidisse
1214 3300 1353 3375 laboris
1447 3352 1450 3357 -

401 3407 650 3507 Expeterent,
668 3409 823 3483 virtutis
841 3434 967 3500 amor,
985 3407 1230 3503 doctrinaque
1249 3408 1408 3507 signent.

401 3515 529 3612 thue
548 3541 695 3609 moneS,
713 3516 839 3616 pronis
858 3515 1063 3591 dominaris
1082 3516 1292 3590 mentibus:
1312 3515 1398 3589 inde

399 3621 591 3722 Exoptata
608 3624 680 3723 piis
698 3624 894 3698 revirescit
913 3623 1083 3722 patribus
1103 3635 1215 3699 aetas.
1313 3670 1316 3677 -

400 3731 487 3828 Ipsa
505 3730 618 3805 etiam
637 3742 810 3806 aeternae
827 3732 998 3832 genitrix
1015 3732 1229 3807 veneranda
1247 3728 1377 3805 salutis

401 3837 585 3938 Rolligio,
604 3839 740 3939 vigiles
759 3850 797 3913 te
814 3839 915 3914 vidit
931 3841 1074 3939 ducere
1086 3838 1214 3931 lunas,
1313 3876 1315 3887 ·

399 3944 448 4019 Et
467 3944 605 4020 laetata
623 3958 689 4021 tuo
707 3946 853 4038 studio,
872 3947 1094 4043 liquidoque
1111 3946 1258 4021 labore:

400 4051 501 4145 Hoc,
520 4053 592 4146 ait,
611 4054 650 4127 in
668 4053 766 4127 votis
786 4054 923 4145 habui,
943 4054 996 4129 sic
1014 4053 1201 4152 poscimus
1220 4050 1295 4125 aris
1356 4083 1360 4091 ·
1393 4078 1395 4082 ·

400 4159 530 4235 Turba
546 4162 685 4235 tenella
703 4160 795 4237 meis
813 4160 911 4235 ferat
927 4186 1068 4257 aequos
1085 4158 1209 4234 thuris
1227 4159 1396 4233 honores.

401 4266 512 4342 Ocius
531 4278 642 4367 atque
661 4268 808 4343 utinam
825 4268 996 4342 salubres
1014 4269 1086 4341 lux
1104 4266 1256 4366 publica
1273 4266 1379 4343 nisus

400 4373 585 4473 Aspiciat,
603 4378 816 4472 fluctusque
836 4385 1003 4475 premat,
1021 4374 1212 4470 solemque
1228 4375 1386 4447 reducat

399 4481 756 4558 CommunemlSed
774 4482 874 4556 enim
891 4481 1035 4579 patriae
1054 4482 1120 4578 qui
1139 4481 1267 4556 vivere
1287 4506 1469 4579 semper

398 4589 502 4665 Arsit
518 4614 648 4665 amans
659 4589 829 4688 patriae
847 4588 972 4689 fugiet
989 4587 1066 4664 fors
1085 4589 1229 4665 lumina
1246 4588 1397 4711 patris?

397 4695 481 4772 Non
500 4695 609 4771 favor
628 4648 729 4771 hunc
746 4695 925 4788 merituS,
943 4722 1018 4771 non
1037 4696 1143 4798 regia
1160 4696 1286 4797 gratia
1304 4696 1519 4790 quaerant?

398 4803 513 4897 Quin,
531 4830 621 4906 age,
633 4804 784 4879 dixerat
792 4805 905 4877 haec
926 4802 1150 4906 Spanyik
1169 4827 1318 4899 quoque
1334 4801 1660 4919 pulchracoronac

1874 4306 1875 4375 l

398 4912 555 4989 Gemma
573 4909 799 5012 refulgebiS,
817 4911 917 4985 curis
935 4912 1110 5007 socioque
1128 4911 1276 5000 labore,

397 5018 458 5093 Me
477 5020 570 5092 duce
589 5043 781 5093 musarum
800 5018 922 5093 causi-s
940 5029 979 5093 ct
996 5018 1193 5093 moribus
1183 5015 1320 5094 isthinc
