4084 6000
1007 656 1055 732 53

453 869 522 942 llla
540 870 674 942 decens
694 864 806 939 facies
824 856 977 964 glaciali
995 865 1127 941 sunere
1145 865 1280 966 pallet,
1309 929 1313 938 ,

556 973 719 1048 Eximiis
738 996 857 1070 nuper
875 974 1137 1072 conspicienda
1154 974 1257 1046 rosis.

453 1082 601 1181 Lingua
619 1073 742 1180 riget,
761 1101 885 1151 sacros
903 1082 1105 1164 accendere
1124 1081 1235 1153 docta
1248 1081 1415 1172 ,calorem

556 1188 708 1283 Iuribus
727 1198 764 1259 et
781 1185 917 1282 patriis
931 1187 1078 1288 inclyta
1094 1187 1228 1286 lingua
1247 1188 1354 1286 riget.

450 1294 527 1368 Nec
545 1295 682 1368 celeres
699 1294 878 1368 mandata
897 1293 965 1366 Dei
984 1295 1181 1368 decurrere
1199 1295 1356 1391 posthac

554 1401 763 1474 Adsvetum
782 1410 983 1496 properant
1001 1423 1139 1504 munus
1158 1399 1263 1474 obire
1282 1401 1404 1500 pedes

450 1507 501 1582 Te
521 1531 671 1603 quoque
690 1503 998 1604 magnanimum,
1016 1505 1140 1579 divini
1157 1507 1278 1580 dulcis
1296 1507 1434 1580 amoris

557 1613 691 1700 Sedes,
710 1624 934 1710 perpetuum
953 1637 1017 1685 cor
1035 1609 1172 1711 premit
1191 1639 1309 1708 usque
1327 1609 1428 1712 gelu.

452 1718 533 1793 Non
553 1718 760 1792 emollescis
778 1721 869 1792 fletu
889 1719 1130 1814 lacrimisque
1149 1735 1390 1817 precantum,

555 1826 648 1901 Tam
667 1849 829 1923 pronum
847 1838 988 1898 certam
1007 1827 1160 1898 tendere
1179 1850 1326 1926 semper
1342 1852 1463 1924 opem.

450 1931 526 2008 Nec
545 1933 621 2007 iam
639 1931 862 2028 multiplici,
881 1945 924 2005 ut
942 1934 1134 2027 quondam
1154 1930 1303 2006 fervore
1321 1933 1495 2024 calescis,

558 2039 596 2114 Si
615 2038 709 2110 coeli
728 2050 795 2111 aut
812 2038 956 2136 patriae
975 2038 1129 2136 publica
1147 2062 1261 2113 causa
1278 2052 1397 2113 vocet.

451 2145 596 2220 Siccine
616 2152 744 2242 (turpe
762 2145 903 2234 net'asl)
923 2170 1020 2239 quae
1041 2145 1094 2217 nil
1112 2147 1269 2219 mortale
1289 2147 1512 2237 movebant,
1626 2140 1628 2142 ’

558 2251 681 2351 Eripis
700 2254 859 2346 obscura
874 2266 967 2325 trux
985 2251 1151 2325 Libitina
1169 2255 1314 2326 manu?

450 2357 534 2432 Non
551 2358 692 2456 pietaS,
711 2383 787 2430 non
803 2383 899 2432 cana
914 2357 1030 2449 fides,
1049 2383 1123 2431 non
1142 2359 1312 2432 maxima
1332 2359 1473 2450 virtus,
1493 2451 1497 2458 ι
1552 2372 1556 2376 ’

557 2463 639 2538 Νοη
660 2463 828 2544 studium
847 2464 938 2538 iusti
958 2461 1133 2565 factaque
1151 2490 1299 2539 summa
1317 2479 1447 2539 vetant
1456 2469 1477 2539 ‘l

360 2603 364 2609 ·
451 2571 501 2645 At
519 2571 751 2669 pupillorum
769 2574 900 2644 ductas
920 2573 969 2644 ad
986 2570 1109 2644 sidera
1126 2572 1271 2668 palmas
1472 2657 1473 2662 ἵ

555 2677 709 2776 Aspice,
729 2677 822 2772 quid
838 2702 991 2775 superos
1010 2676 1177 2775 supplice
1195 2703 1288 2781 voce
1306 2681 1465 2776 petant?

451 2784 520 2857 His
539 2797 647 2882 pater
663 2782 727 2856 ille
747 2780 820 2858 suit
832 2809 1033 2879 nunquam
1052 2783 1256 2878 nomsortis
1274 2783 1425 2880 iniquae

557 2888 728 2988 Propitia
745 2890 914 2962 mulcens
931 2889 1091 2963 ¹vulnera
1109 2889 1192 2963 dira
1211 2915 1336 2965 manu.

451 2997 499 3071 Et
517 2998 650 3071 doctae
668 3009 830 3071 exorant
848 2995 1000 3070 divinae
1017 2996 1184 3071 Palladis
1203 3009 1336 3089 arteS,¹

556 3103 685 3181 Gloria
703 3104 810 3202 queis
828 3114 933 3177 tanto
947 3102 1103 3177 'vindice
1121 3114 1204 3177 tuta
1223 3106 1336 3179 stetit.

451 3210 581 3287 Patria
598 3222 679 3284 tota
698 3219 828 3309 rogat,
846 3210 909 3283 cui
926 3210 1029 3284 sidus
1049 3212 1211 3284 amabile
1229 3212 1330 3303 vita,

482 3320 485 3337 '
555 3317 724 3390 Excelsis
743 3316 889 3390 meritis
907 3316 1147 3413 consiliisque
1165 3317 1250 3391 ¹fuit.

452 3425 492 3499 Si
511 3424 565 3498 nil
584 3435 640 3497 tot
657 3423 842 3523 gemitus,
861 3423 917 3495 nil
927 3434 990 3497 >tot
1007 3424 1192 3516 lamenta,
1212 3425 1409 3520 querelae,

559 3530 599 3605 Si
618 3530 671 3603 nil
689 3542 803 3621 vota,
821 3547 972 3630 preces',
988 3530 1095 3626 queis
1120 3531 1326 3623 movearis,
1347 3532 1506 3605 habent:

452 3636 635 3736 Strigonii
653 3638 782 3734 patulo
801 3650 1020 3736 surgentem
1039 3637 1179 3710 vertice
1198 3638 1356 3727 molem,

556 3742 729 3817 Numinis
748 3744 890 3817 aeterni
909 3742 1107 3842 splendida
1125 3755 1243 3834 tecta,
1261 3743 1360 3821 vide.

451 3848 552 3923 Orba
570 3875 638 3923 suo
656 3846 802 3924 fautore
820 3851 1006 3949 gravique
1024 3850 1207 3924 exterrita
1225 3844 1314 3923 casu

558 3955 815 4050 Squallentem
833 3968 1009 4029 metuunt
1028 3980 1121 4030 saxa
1140 3953 1275 4029 decora
1293 3957 1417 4030 situm.

450 4058 609 4161 Effigies
627 4063 742 4161 pallet
761 4064 925 4152 (luctum
945 4062 1083 4135 sentire
1101 4070 1272 4160 putares)

559 4168 611 4243 Ut
629 4170 794 4267 primum
814 4172 983 4260 decoret,
1002 4169 1074 4258 rite
1092 4182 1248 4267 parata,
1264 4170 1401 4243 locum.

450 4272 755 4369 Necquidquaml
775 4276 892 4374 negat
910 4275 1010 4348 orari
1027 4276 1092 4349 lex
1112 4276 1233 4349 ferrea
1252 4276 1405 4365 mortiS,

555 4382 781 4483 Rudnay,
799 4382 1063 4463 Pannonidum
1082 4383 1205 4481 gloria
1223 4384 1368 4478 luxque
1387 4382 1502 4455 iacesl

451 4485 575 4561 Eheu!
594 4514 708 4582 quem
727 4486 850 4579 tituli,
869 4515 981 4584 quem
1001 4489 1155 4562 nomina
1173 4490 1272 4563 celsa
1290 4486 1507 4562 iuuabunt?

469 4594 474 4599 ’
556 4594 707 4669 Scilicet
724 4594 817 4667 haec
836 4595 979 4693 pariter
997 4608 1100 4669 certa
1119 4596 1231 4669 ruina
1251 4606 1390 4668 manet.

454 4699 623 4792 Fallere,
643 4700 814 4797 quisquis
832 4726 941 4800 opeS,
959 4701 1131 4799 quisquis
1150 4702 1300 4775 venaris
1319 4702 1500 4796 honores3

553 4807 599 4882 ‘Si
617 4820 654 4881 te
671 4807 804 4881 virtuti
823 4832 913 4881 cura
932 4820 1077 4882 sacrata
1097 4807 1209 4907 fugit.

452 4910 645 4987 Marmora
663 4914 848 5005 corrodit,
866 4915 1112 5009 quantumvis
1132 4918 1248 5006 dura,
1267 4926 1455 5005 vetustaS,

561 5020 677 5095 nerea
696 5021 807 5121 signa
825 5020 933 5113 licet,
953 5023 1017 5095 sed
1036 5022 1226 5121 peritura,
1244 5020 1366 5095 struis
