4084 6000
1531 651 1639 730 XVII

371 928 475 1010 Heni
502 931 613 1010 aliter
638 931 782 1011 lactum
809 944 883 1012 est:
911 935 1093 1012 virtutem
1119 936 1218 1013 hanc
1245 947 1345 1013 astra
1367 949 1583 1037 reposcunt.

449 1059 498 1135 Et
516 1085 615 1136 nova
632 1070 709 1136 stat
726 1061 846 1137 veteri
864 1060 994 1138 iuncta
1011 1062 1123 1138 ruina
1137 1062 1221 1138 diu!

372 1235 601 1316 Pontificum
617 1239 781 1344 patriae,
799 1240 909 1334 cleri,
927 1242 1132 1342 populique
1148 1241 1270 1319 fidelis

454 1365 637 1444 Assiduae
655 1370 806 1444 tandem
825 1391 901 1444 non
918 1368 1084 1445 cecidere
1102 1393 1241 1470 precer.

371 1542 543 1620 Rudna
552 1572 584 1648 y
600 1546 649 1622 sit
666 1547 831 1647 primus,
850 1549 978 1647 superi
995 1549 1171 1642 volnere,
1189 1557 1384 1623 vetustum

451 1667 528 1761 Qui
544 1671 646 1748 levet
662 1671 838 1749 herculeo
856 1699 950 1774 pene
967 1673 1096 1750 labore
1116 1671 1241 1749 situm.

373 1843 448 1936 Qui
465 1847 593 1925 videat
608 1850 771 1952 lapideo,
789 1850 953 1929 thebana
970 1862 1016 1928 ut
1033 1851 1199 1945 maenia,
1217 1853 1335 1927 moles

453 1972 625 2052 Crescere
642 1976 684 2052 in
700 1977 921 2073 immensae,
939 1989 1021 2055 arte
1039 1987 1212 2080 regente,
1231 1977 1315 2053 cito.

373 2151 497 2229 Ausus
515 2155 751 2257 magnanimi
769 2154 912 2232 fuerint
928 2157 1023 2259 haec
1041 2156 1228 2258 praemia;
1247 2157 1362 2231 tantis

452 2277 549 2355 llam
565 2293 743 2383 properat
759 2282 902 2360 meritis
919 2285 1076 2358 reddere
1094 2283 1212 2384 digna
1230 2282 1350 2382 polus.

375 2457 500 2555 Teque
517 2459 603 2560 pari
620 2461 745 2537 studio
762 2461 990 2555 distentum,
1007 2462 1108 2536 clare
1127 2460 1321 2561 Koptcs
1329 2486 1380 2562 y,

453 2585 497 2660 In
515 2586 640 2662 medio
658 2611 772 2663 cursu
788 2611 890 2663 mors
907 2586 1063 2688 inopina
1080 2585 1189 2687 rapit.

374 2762 478 2840 Proh
494 2764 654 2841 dubium
671 2765 773 2842 vitae
791 2765 962 2842 curenml
981 2765 1181 2861 molimur3
1199 2773 1237 2839 et
1255 2764 1352 2842 alter

455 2887 592 2965 Exacti
618 2890 771 2967 laudem
787 2914 898 2992 caepe
915 2890 1056 2967 laboris
1074 2890 1199 2968 habet.

302 3135 311 3156 ,
375 3069 520 3145 Interea
537 3080 703 3146 arrectae
720 3096 767 3146 ne
780 3096 870 3171 apes
888 3069 1141 3165 frustrentur,
1159 3081 1202 3147 nt
1220 3071 1390 3171 amplum

454 3193 703 3272 Gontinnetur'
718 3220 833 3297 opor,
850 3221 942 3273 cura
957 3196 1077 3299 patrie
1094 3197 1238 3298 patriae
1258 3209 1324 3272 est.

375 3372 539 3474 Dispicit
555 3373 668 3469 haec,
686 3376 868 3473 onerique
885 3400 993 3477 pares
1012 3386 1050 3452 et
1067 3377 1231 3453 eulmine
1249 3386 1354 3452 tanto

456 3499 626 3597 Cumque
643 3500 779 3577 animis
796 3501 975 3578 humeros
994 3492 1142 3600 quaerit
1160 3512 1273 3577 acuta
1292 3502 1369 3578 diu.

377 3678 501 3755 Obvia
518 3677 701 3757 sollicitae
718 3681 784 3755 enl
803 3688 861 3772 (et
877 3706 952 3757 uon
970 3681 1050 3757 sine
1069 3681 1242 3773 numine)
1260 3681 1383 3756 virtus

455 3804 644 3907 Fulgurat
660 3831 682 3881 e
699 3804 865 3900 meritis,
883 3806 982 3893 clare
1002 3804 1266 3883 Scitovszk
1274 3830 1324 3907 y,
1343 3804 1432 3879 tuis.

378 3982 449 4060 oui
464 3982 528 4083 pia
545 4008 653 4060 musa
669 3985 805 4061 dehinc
822 3994 1001 4061 votorum
1019 3984 1121 4059 iusta
1137 3984 1301 4077 tributa,

457 4107 581 4200 Quam
598 4110 690 4205 tibi,
707 4110 769 4187 vir
786 4111 978 4213 princepe,
996 4107 1165 4186 officiosa
1183 4108 1307 4185 feret'l
