4084 6000
463 765 594 840 Mollia
612 787 764 836 securae
783 762 846 836 vel
863 785 1020 860 carpens
1037 761 1114 834 otia
1131 763 1234 860 pacis

568 870 763 946 Florentes
781 872 894 945 urbes
912 869 1022 943 dulce
1039 867 1168 944 videre
1186 869 1257 944 tibi
1276 871 1360 944 est‘l
1439 939 1471 972 Λ

466 981 568 1055 Haec
586 1002 736 1075 quoque
755 975 913 1052 materia
931 984 987 1049 est
1005 972 1135 1050 festivi
1155 977 1319 1076 plurima
1337 977 1490 1078 gaudii:

570 1085 642 1161 Sed
659 1094 786 1159 tamen
804 1085 876 1158 hac
894 1081 1014 1156 maior
1033 1107 1132 1158 nunc
1151 1096 1218 1158 tua
1236 1086 1348 1158 corda
1368 1095 1505 1160 movet.

464 1192 575 1266 Ecce!
595 1203 681 1266 tuos
700 1192 801 1266 cives
820 1188 998 1266 sublimia
1016 1191 1170 1265 nomina
1188 1189 1305 1283 ferre,

360 1293 365 1302 ’
569 1300 716 1395 Perque
734 1298 933 1374 hominum
952 1297 1106 1371 meritos
1126 1323 1191 1373 ora
1209 1298 1338 1372 volare
1356 1297 1472 1372 videa.

467 1407 544 1481 Hos
562 1406 681 1498 inter,
700 1429 812 1502 quem
831 1429 931 1480 nunc
949 1406 1092 1505 gaudes
1111 1403 1327 1507 assurgere,
1345 1404 1547 1506 pulchrum

530 1562 533 1576 ·
571 1512 604 1589 A
621 1512 742 1588 sancti
760 1512 860 1613 regis
879 1512 1028 1586 nomine
1048 1537 1184 1586 nomen
1201 1512 1345 1589 babet(

468 1621 579 1696 Hunc
597 1621 731 1694 merito
749 1620 915 1720 primum
934 1619 1073 1694 laetare
1092 1645 1282 1729 capessere
1302 1620 1475 1712 clavum,

570 1729 725 1803 Pectore
743 1728 825 1802 iure
845 1725 949 1802 foves
967 1737 1132 1824 votaque
1151 1751 1308 1827 spesque
1325 1737 1409 1800 tuo„

466 1834 616 1910 Scilicet
634 1833 807 1909 innocuis
825 1859 970 1933 semper
989 1834 1187 1909 devinctus
1206 1838 1254 1911 ab
1273 1831 1380 1908 annis

571 1943 770 2018 Crescebat
788 1942 916 2016 sollers
934 1942 973 2015 in
992 1943 1105 2016 decus
1124 1941 1188 2016 ille
1206 1952 1327 2016 tuum.
1465 2021 1469 2026 ,

465 2048 514 2122 Et
535 2049 655 2133 veluti
673 2073 857 2146 quercuS,
875 2074 971 2144 quae
991 2049 1087 2123 latas
1106 2048 1244 2123 dividit
1262 2050 1436 2140 umbrae,

569 2157 725 2232 Glandis
744 2159 792 2231 ab
810 2155 953 2257 exiguo
976 2155 1117 2230 semine
1136 2169 1225 2230 nata
1242 2155 1351 2230 viret.

466 2261 542 2337 Nec
560 2264 701 2338 Boreae
719 2264 837 2355 cedit,
857 2289 924 2337 nec
942 2263 1068 2337 densis
1087 2261 1274 2339 imbribus
1293 2261 1439 2354 Austri,

571 2371 610 2448 Si
630 2372 780 2470 patulas
798 2370 911 2446 iactet
929 2370 988 2444 vis
1008 2368 1214 2446 furibunda
1233 2394 1369 2445 comas

468 2476 653 2554 Sustinuit
670 2478 812 2577 pariter
830 2490 1004 2552 constans
1023 2503 1117 2552 onus
1136 2504 1245 2552 omne
1264 2479 1458 2570 laborum,

571 2588 644 2662 Per
662 2610 755 2681 quos
774 2584 908 2659 virtuti
928 2585 1185 2672 semitacerta
1203 2596 1317 2685 patet.

468 2692 588 2767 Testis
608 2719 646 2767 es
666 2693 748 2792 ipsa
767 2693 865 2768 mihi.
881 2691 975 2766 felix
993 2692 1190 2792 provincia
1209 2695 1377 2768 membro

572 2799 792 2892 Quondam,
810 2824 903 2873 mox
921 2800 1043 2897 capite
1061 2801 1134 2874 hoc
1153 2799 1235 2874 iure
1253 2801 1414 2899 superba
1432 2807 1509 2872 tuo.

471 2906 594 2998 Quam
613 2909 723 2981 docto
741 2909 884 2981 calamo
904 2907 1119 2980 communia
1137 2919 1227 2982 vota
1244 2909 1416 2996 notabat,

572 3014 622 3090 Et
640 3015 779 3099 summi
794 3015 917 3089 tenuit
935 3040 1090 3110 remque
1108 3015 1307 3110 locumque
1325 3013 1417 3088 viril

468 3122 607 3197 Mirata
625 3148 664 3196 es
683 3122 830 3218 quoties
850 3121 1033 3195 facundae
1050 3147 1207 3196 munera
1224 3122 1399 3223 linguae,

574 3229 625 3306 Et
643 3229 788 3326 quoties
806 3229 925 3303 dixti:
945 3240 987 3303 tu
1005 3228 1101 3303 mihi
1119 3254 1268 3329 praeses
1286 3228 1375 3303 erisl

470 3336 571 3429 Quin
589 3362 710 3412 novus
728 3337 791 3409 hic
809 3336 968 3438 Majlath
986 3334 1072 3429 fiet,
1090 3354 1212 3412 novus
1229 3337 1308 3436 ipse
1328 3334 1570 3437 Szdgyenyi,

573 3443 729 3535 Tantis,
748 3442 918 3534 dicebaS,
937 3467 1012 3516 non
1031 3443 1152 3519 minor
1171 3444 1240 3518 iste
1257 3443 1363 3518 viris.

469 3551 500 3625 Ο
520 3576 635 3646 quam
654 3550 772 3650 digna
789 3550 874 3624 viro
893 3562 950 3625 est
969 3576 1052 3650 spes
1072 3552 1117 3625 de
1137 3576 1175 3625 se
1194 3551 1316 3652 gloria
1335 3574 1494 3650 magnas

571 3657 621 3734 Et
639 3660 749 3751 dare,
767 3667 804 3732 et
823 3668 987 3732 erectam
1005 3684 1080 3732 non
1099 3669 1283 3733 temerare
1300 3656 1434 3733 fidem!

470 3762 552 3839 Non
570 3779 753 3841 temerare
771 3790 906 3865 parum
926 3777 1001 3839 est:
1023 3776 1062 3839 at
1080 3791 1161 3866 spes
1171 3792 1321 3862 quoque
1330 3764 1481 3840 vincere
1494 3786 1679 3871 summas:

571 3872 676 3949 Haec
694 3874 847 3947 demum
865 3874 996 3973 magni
1015 3871 1192 3971 famaque
1210 3874 1368 3969 lausque
1385 3872 1463 3948 viri
1479 3882 1545 3949 est.

470 3979 596 4077 Siquis
613 3979 685 4056 erit
702 4006 793 4054 vero
812 3980 956 4079 patriae
975 3980 1188 4057 stimulatus
1207 4006 1353 4072 amore,

540 4119 542 4124 ·
572 4088 668 4165 Acer
685 4088 725 4162 in
744 4088 816 4163 hoc
835 4090 973 4162 durum
992 4088 1148 4187 pulvere
1168 4098 1294 4163 curret
1313 4086 1411 4177 iter..

469 4196 656 4271 Accedent
674 4194 828 4293 plausus
846 4195 997 4294 populi,
1016 4195 1243 4293 laudataque
1262 4195 1385 4270 virtus

572 4304 743 4394 Crescet,
762 4313 798 4376 et
816 4301 981 4375 eximius
1001 4312 1132 4402 sponte
1151 4315 1329 4400 sequetur
1345 4302 1476 4379 honos

468 4412 571 4486 Haec
589 4410 661 4486 tibi
678 4410 760 4485 laus
779 4408 924 4509 peperit
942 4420 1020 4483 tam
1040 4412 1205 4509 grande,
1223 4411 1284 4485 La
1295 4410 1475 4504 dislae,
1494 4435 1649 4502 nomen,

574 4518 677 4593 Haec
694 4542 762 4617 per
781 4516 967 4591 honorum
986 4527 1023 4591 te
1043 4516 1209 4591 culmina
1227 4541 1374 4594 summa
1392 4518 1518 4611 vehit,

468 4624 644 4700 Vidimus
663 4625 702 4699 in
721 4626 819 4700 celsa
836 4648 1034 4725 procerum
1053 4620 1361 4719 sedisse'corona,

573 4733 734 4829 Altaque
753 4744 790 4807 te
808 4730 887 4807 fida
904 4736 1023 4807 verba
1041 4744 1188 4809 notasse
1205 4760 1331 4809 manu.
1378 4784 1382 4793 t

465 4841 661 4917 Cernimus
679 4852 716 4917 et
733 4865 924 4916 summum
942 4840 1088 4940 patriae
1106 4844 1281 4917 dec'orare
1300 4840 1489 4944 tribunal,

569 4948 711 5050 Regius
728 4947 800 5026 hoc
818 4945 928 5027 iussit
940 4973 1038 5037 ,mox
1056 4958 1099 5023 ut
1117 4949 1220 5029 adire
1240 4947 1358 5027 favor.
