4084 6000
938 613 1014 690 143

865 729 1077 738 n———m

390 827 579 904 Oonemur
596 838 747 902 tenerae
764 836 908 902 mentes
927 824 1091 902 formare
1110 826 1296 902 iuventae.
1357 871 1360 878 =
1404 877 1408 888 -
1471 851 1474 860 ¹
1539 849 1543 864 ·

496 933 696 1010 Condiscat
714 933 871 1030 quaevis
889 959 1023 1034 aspera
1039 932 1137 1010 ferre
1155 959 1258 1034 puer.
1294 992 1297 1004 .
1435 967 1439 978 ·

390 1041 551 1142 Ingenui
568 1040 725 1116 iuvenes
743 1041 837 1132 (heu
855 1042 940 1138 quis
959 1043 1082 1140 pudor
1091 1042 1119 1132 l)
1138 1066 1243 1118 arma
1261 1055 1455 1135 recusant,

494 1151 618 1244 Atque
636 1159 761 1224 truces
779 1148 934 1224 horrent
952 1149 1123 1223 cominus
1141 1149 1197 1224 ire
1215 1148 1324 1224 feras.

388 1255 465 1331 Nec
484 1255 556 1331 nisi
574 1257 647 1332 rite
664 1255 799 1332 trocho
817 1269 908 1331 sunt
924 1281 1061 1357 graeco
1080 1257 1209 1333 ludere
1227 1257 1350 1348 docti,

492 1363 570 1440 Aut
588 1374 689 1439 tenet
705 1363 887 1463 impigras
905 1364 987 1440 alea
1005 1363 1095 1440 trita
1114 1388 1259 1439 manus.

386 1471 490 1546 Haeo
508 1470 607 1559 inter
623 1470 863 1546 sociosfallit
879 1472 1033 1571 periura
1051 1471 1236 1572 parentis,

490 1578 660 1655 Pessima
677 1577 744 1674 qui
763 1589 851 1653 nato
869 1582 936 1653 dat
953 1581 1197 1671 documenta,
1214 1578 1319 1662 fides.

388 1686 538 1763 Scilicet
556 1711 615 1760 ars
634 1687 805 1761 cumulat
822 1685 1020 1761 thesauros
1037 1685 1212 1786 improba
1231 1711 1411 1788 magnos:

492 1795 671 1870 Attamen
690 1805 727 1868 et
745 1793 919 1894 deinceps
936 1818 1085 1894 semper
1104 1819 1242 1870 avarus
1260 1806 1358 1896 eget.

748 2329 950 2436 Elegia
977 2263 1180 2418 va

803 2541 959 2626 Dilecto
974 2555 1132 2626 moralia.

382 2721 635 2866 Temporibus
652 2787 803 2864 parces,
820 2788 889 2840 nec
907 2789 1047 2840 avarus
1065 2763 1265 2841 habeberis
1283 2763 1368 2840 ulli:

489 2870 548 2947 Sic
566 2871 716 2946 nullum
732 2864 836 2946 vitae
853 2883 1003 2972 tempus
1024 2872 1146 2949 abibit
1162 2872 1272 2950 iners.

381 2978 412 3055 T
414 2989 477 3054 ota
495 2978 552 3054 illi
571 2979 758 3058 dormitur
774 2979 916 3073 hiems,
934 2980 1122 3057 dormitur
1139 2991 1177 3056 et
1194 2990 1355 3072 aestas,

487 3086 667 3164 Officium
686 3086 857 3185 quisquis
875 3088 1112 3188 praeteriisse
1129 3091 1265 3165 studet.

382 3193 572 3292 Obsequio
591 3194 707 3286 (mihi
724 3197 851 3287 crede)
868 3195 960 3271 boni
976 3196 1182 3274 vincuntur
1199 3194 1330 3272 amici:

487 3302 570 3377 Hoc
587 3301 679 3402 ipsis
697 3303 832 3403 opibus
849 3304 937 3403 plus
955 3303 1123 3381 valitura
1140 3314 1244 3405 puta.

381 3409 578 3487 Musarum
596 3409 744 3509 placida
760 3410 959 3512 ingenium
976 3411 1148 3489 mollitur
1166 3414 1214 3487 ab
1232 3424 1331 3508 arte3

487 3516 563 3610 Qui
581 3517 699 3617 sapit,
717 3518 787 3593 has
802 3528 884 3595 tota
901 3532 1026 3595 mente
1045 3519 1246 3617 animoque
1264 3518 1370 3593 colet.
1426 3548 1430 3557 ·

380 3624 471 3699 Vita
490 3623 613 3725 fugax
631 3638 828 3726 properat,
846 3626 1031 3703 laxantur
1048 3652 1204 3727 corpora
1223 3626 1348 3727 rugis:

485 3732 590 3807 Mens
607 3743 758 3810 tantum
775 3733 869 3811 recti
887 3734 1037 3810 conscia
1054 3735 1161 3810 salva
1179 3745 1315 3809 manet.
1429 3816 1432 3821 ,

380 3838 478 3916 Tuta
496 3840 589 3914 ratis
607 3838 742 3932 fuerit,
758 3841 908 3917 modico
926 3866 1025 3939 quae
1043 3842 1199 3917 flumine
1218 3839 1358 3917 fertur:
1376 3898 1378 3903 .

484 3947 699 4023 Immodicis
717 3949 852 4049 opibus
870 3974 980 4025 nemo
997 3951 1131 4024 beatus
1149 3947 1230 4023 erit.

377 4055 594 4132 Conteritur
612 4053 776 4149 sermm,
795 4056 916 4131 silices
933 4067 1139 4135 tenuantur
1157 4059 1206 4131 ab
1224 4079 1317 4131 usu:
1425 4136 1428 4143 Δ
1506 4129 1510 4136 ,

484 4163 596 4238 Aetas
613 4161 798 4239 virtutem
814 4165 946 4240 tollere
965 4164 1070 4240 nulla
1087 4164 1199 4239 valet.

378 4271 564 4346 Adversos
581 4271 684 4346 vitae
702 4296 833 4346 cursus
851 4272 1065 4347 meminisse
1082 4272 1233 4363 labora,

483 4379 579 4456 Cum
596 4378 667 4454 tibi
683 4404 789 4455 mens
807 4379 933 4455 subito
951 4391 1054 4455 mota
1073 4379 1199 4454 dolore
1218 4377 1300 4453 fuit.

375 4482 485 4561 Disce
502 4498 627 4561 tacere
644 4511 757 4586 puer:
776 4486 900 4561 dicere
918 4487 1113 4584 loquacior
1131 4511 1273 4582 aequo,

481 4591 529 4669 Ni
545 4604 701 4669 teneant
717 4593 890 4694 linguam
908 4595 1039 4669 debita
1058 4593 1188 4671 fraena
1207 4604 1322 4667 tuam.

376 4698 551 4777 Difficilis
570 4704 659 4776 dare
677 4726 745 4776 cur
762 4699 878 4776 fueris
896 4703 991 4777 bene
1009 4704 1109 4777 dona
1126 4698 1305 4777 merenti:
1377 4778 1380 4783 ,

483 4808 573 4903 Scis,
589 4809 738 4908 capitur
754 4808 861 4883 donis
877 4807 1048 4909 Iuppiter
1064 4808 1145 4909 ipse
1163 4807 1271 4884 datis.

376 4916 543 4993 Candida
561 4919 654 4991 dum
672 4914 786 4991 sentis
804 4915 876 4990 tibi
895 4916 1058 4991 stamina
1075 4917 1228 4991 volvere
1246 4915 1404 5008 Parcas,

483 5025 543 5102 Sic
561 5022 688 5101 forsan
706 5048 853 5125 semper
869 5049 945 5100 non
963 5023 1053 5118 erit,
1071 5034 1151 5100 esto
1170 5048 1323 5099 memor.
