<?xml version="1.0" encoding="UTF-8"?>
<!DOCTYPE html PUBLIC "-//W3C//DTD XHTML 1.0 Transitional//EN"
    "http://www.w3.org/TR/xhtml1/DTD/xhtml1-transitional.dtd">
<html xmlns="http://www.w3.org/1999/xhtml" xml:lang="en" lang="en">
 <head>
  <title>
</title>
<meta http-equiv="Content-Type" content="text/html;charset=utf-8" />
  <meta name='ocr-system' content='tesseract 3.04.00' />
  <meta name='ocr-capabilities' content='ocr_page ocr_carea ocr_par ocr_line ocrx_word'/>
</head>
<body>
  <div class='ocr_page' id='page_1' title='image "./poematumlibrise00jallgoog_0263.png"; bbox 0 0 4084 6000; ppageno 0'>
   <div class='ocr_carea' id='block_1_1' title="bbox 958 597 1096 720">
    <p class='ocr_par' dir='ltr' id='par_1_1' title="bbox 958 597 1096 720">
     <span class='ocr_line' id='line_1_1' title="bbox 958 597 1096 720; baseline -0.014 -48"><span class='ocrx_word' id='word_1_1' title='bbox 958 597 1034 672; x_wconf 74' lang='lat'><strong>229</strong></span> <span class='ocrx_word' id='word_1_2' title='bbox 1064 704 1096 720; x_wconf 29' lang='grc' dir='ltr'><strong>ἡ</strong></span> 
     </span>
    </p>
   </div>
   <div class='ocr_carea' id='block_1_2' title="bbox 440 807 1413 5102">
    <p class='ocr_par' dir='ltr' id='par_1_2' title="bbox 440 807 1413 5102">
     <span class='ocr_line' id='line_1_2' title="bbox 467 807 1204 912; baseline 0.001 -28"><span class='ocrx_word' id='word_1_3' title='bbox 467 807 642 886; x_wconf 85' lang='lat' dir='ltr'><strong>Mentem.</strong></span> <span class='ocrx_word' id='word_1_4' title='bbox 664 810 736 886; x_wconf 87' lang='lat' dir='ltr'><strong>Sed</strong></span> <span class='ocrx_word' id='word_1_5' title='bbox 754 813 862 886; x_wconf 88' lang='lat' dir='ltr'><strong>ardet</strong></span> <span class='ocrx_word' id='word_1_6' title='bbox 880 833 1037 912; x_wconf 82' lang='lat' dir='ltr'><strong>surgere</strong></span> <span class='ocrx_word' id='word_1_7' title='bbox 1055 808 1204 910; x_wconf 87' lang='lat' dir='ltr'><strong>saepius</strong></span> 
     </span>
     <span class='ocr_line' id='line_1_3' title="bbox 465 915 1179 1018; baseline 0 -27"><span class='ocrx_word' id='word_1_8' title='bbox 465 915 652 1012; x_wconf 90' lang='lat' dir='ltr'><strong>Sublime,</strong></span> <span class='ocrx_word' id='word_1_9' title='bbox 672 943 829 1018; x_wconf 88' lang='lat' dir='ltr'><strong>magnos</strong></span> <span class='ocrx_word' id='word_1_10' title='bbox 847 918 1002 993; x_wconf 85' lang='lat' dir='ltr'><strong>ausibus</strong></span> <span class='ocrx_word' id='word_1_11' title='bbox 1019 917 1179 1004; x_wconf 77' lang='lat' dir='ltr'><strong>aemulis</strong></span> 
     </span>
     <span class='ocr_line' id='line_1_4' title="bbox 569 1024 1215 1124; baseline -0.002 -24"><span class='ocrx_word' id='word_1_12' title='bbox 569 1025 698 1100; x_wconf 85' lang='lat' dir='ltr'><strong>Coelos</strong></span> <span class='ocrx_word' id='word_1_13' title='bbox 717 1029 926 1124; x_wconf 82' lang='lat' dir='ltr'><strong>sequend03</strong></span> <span class='ocrx_word' id='word_1_14' title='bbox 945 1037 983 1100; x_wconf 87' lang='lat' dir='ltr'><strong>et</strong></span> <span class='ocrx_word' id='word_1_15' title='bbox 1001 1024 1215 1124; x_wconf 87' lang='lat' dir='ltr'><strong>complicati</strong></span> 
     </span>
     <span class='ocr_line' id='line_1_5' title="bbox 675 1131 1413 1234; baseline 0.001 -27"><span class='ocrx_word' id='word_1_16' title='bbox 675 1131 760 1224; x_wconf 83' lang='lat' dir='ltr'><strong>Qua</strong></span> <span class='ocrx_word' id='word_1_17' title='bbox 778 1134 944 1234; x_wconf 82' lang='lat' dir='ltr'><strong>gemitus</strong></span> <span class='ocrx_word' id='word_1_18' title='bbox 962 1134 1214 1227; x_wconf 76' lang='lat' dir='ltr'><strong>lacrimaeque</strong></span> <span class='ocrx_word' id='word_1_19' title='bbox 1237 1139 1413 1210; x_wconf 81' lang='lat' dir='ltr'><strong>dextram</strong></span> 
     </span>
     <span class='ocr_line' id='line_1_6' title="bbox 464 1235 1234 1341; baseline 0.006 -28"><span class='ocrx_word' id='word_1_20' title='bbox 464 1235 582 1314; x_wconf 84' lang='lat' dir='ltr'><strong>Orant</strong></span> <span class='ocrx_word' id='word_1_21' title='bbox 600 1240 827 1341; x_wconf 82' lang='lat' dir='ltr'><strong>benignam,</strong></span> <span class='ocrx_word' id='word_1_22' title='bbox 847 1241 1011 1317; x_wconf 91' lang='lat' dir='ltr'><strong>numinis</strong></span> <span class='ocrx_word' id='word_1_23' title='bbox 1031 1240 1151 1314; x_wconf 89' lang='lat' dir='ltr'><strong>instar</strong></span> <span class='ocrx_word' id='word_1_24' title='bbox 1168 1255 1234 1318; x_wconf 89' lang='lat' dir='ltr'><strong>est.</strong></span> 
     </span>
     <span class='ocr_line' id='line_1_7' title="bbox 462 1344 1101 1425; baseline 0.003 -5"><span class='ocrx_word' id='word_1_25' title='bbox 462 1344 561 1420; x_wconf 94' lang='lat' dir='ltr'><strong>Hinc</strong></span> <span class='ocrx_word' id='word_1_26' title='bbox 578 1345 771 1422; x_wconf 87' lang='lat' dir='ltr'><strong>vindicata</strong></span> <span class='ocrx_word' id='word_1_27' title='bbox 789 1349 952 1425; x_wconf 90' lang='lat' dir='ltr'><strong>nubibus</strong></span> <span class='ocrx_word' id='word_1_28' title='bbox 971 1347 1101 1422; x_wconf 89' lang='lat' dir='ltr'><strong>inserit</strong></span> 
     </span>
     <span class='ocr_line' id='line_1_8' title="bbox 568 1453 1184 1530; baseline 0 -2"><span class='ocrx_word' id='word_1_29' title='bbox 568 1453 693 1528; x_wconf 88' lang='lat' dir='ltr'><strong>Lauro</strong></span> <span class='ocrx_word' id='word_1_30' title='bbox 712 1457 890 1530; x_wconf 87' lang='lat' dir='ltr'><strong>decorum</strong></span> <span class='ocrx_word' id='word_1_31' title='bbox 910 1455 1102 1529; x_wconf 88' lang='lat' dir='ltr'><strong>verticem.</strong></span> <span class='ocrx_word' id='word_1_32' title='bbox 1123 1453 1184 1530; x_wconf 89' lang='lat' dir='ltr'><strong>Nil</strong></span> 
     </span>
     <span class='ocr_line' id='line_1_9' title="bbox 673 1563 1278 1662; baseline 0 -26"><span class='ocrx_word' id='word_1_33' title='bbox 673 1563 804 1638; x_wconf 81' lang='lat' dir='ltr'><strong>Ardua</strong></span> <span class='ocrx_word' id='word_1_34' title='bbox 822 1565 907 1662; x_wconf 92' lang='lat' dir='ltr'><strong>plus</strong></span> <span class='ocrx_word' id='word_1_35' title='bbox 926 1563 1029 1636; x_wconf 89' lang='lat' dir='ltr'><strong>valet</strong></span> <span class='ocrx_word' id='word_1_36' title='bbox 1045 1563 1128 1660; x_wconf 88' lang='lat' dir='ltr'><strong>ipsa</strong></span> <span class='ocrx_word' id='word_1_37' title='bbox 1146 1563 1278 1636; x_wconf 89' lang='lat' dir='ltr'><strong>virtus.</strong></span> 
     </span>
     <span class='ocr_line' id='line_1_10' title="bbox 463 1667 1223 1770; baseline 0.001 -29"><span class='ocrx_word' id='word_1_38' title='bbox 463 1667 544 1742; x_wconf 91' lang='lat' dir='ltr'><strong>Hoc</strong></span> <span class='ocrx_word' id='word_1_39' title='bbox 562 1667 634 1742; x_wconf 92' lang='lat' dir='ltr'><strong>hoc</strong></span> <span class='ocrx_word' id='word_1_40' title='bbox 652 1670 854 1744; x_wconf 83' lang='lat' dir='ltr'><strong>micantem</strong></span> <span class='ocrx_word' id='word_1_41' title='bbox 874 1670 1124 1770; x_wconf 83' lang='lat' dir='ltr'><strong>conspicimus</strong></span> <span class='ocrx_word' id='word_1_42' title='bbox 1142 1670 1223 1743; x_wconf 92' lang='lat' dir='ltr'><strong>loco</strong></span> 
     </span>
     <span class='ocr_line' id='line_1_11' title="bbox 462 1775 1376 1877; baseline 0 -27"><span class='ocrx_word' id='word_1_43' title='bbox 462 1775 536 1867; x_wconf 84' lang='lat' dir='ltr'><strong>Te,</strong></span> <span class='ocrx_word' id='word_1_44' title='bbox 554 1800 694 1876; x_wconf 90' lang='lat' dir='ltr'><strong>magna</strong></span> <span class='ocrx_word' id='word_1_45' title='bbox 712 1777 835 1877; x_wconf 90' lang='lat' dir='ltr'><strong>gentis</strong></span> <span class='ocrx_word' id='word_1_46' title='bbox 855 1803 936 1876; x_wconf 92' lang='lat' dir='ltr'><strong>spes</strong></span> <span class='ocrx_word' id='word_1_47' title='bbox 965 1775 1235 1876; x_wconf 86' lang='lat' dir='ltr'><strong>Stephane,</strong></span> <span class='ocrx_word' id='word_1_48' title='bbox 1264 1778 1376 1850; x_wconf 88' lang='lat' dir='ltr'><strong>decus</strong></span> 
     </span>
     <span class='ocr_line' id='line_1_12' title="bbox 535 1882 1200 1984; baseline -0.003 -26"><span class='ocrx_word' id='word_1_49' title='bbox 535 1931 538 1938; x_wconf 90' lang='lat'>·</span> <span class='ocrx_word' id='word_1_50' title='bbox 568 1882 705 1975; x_wconf 88' lang='lat' dir='ltr'><strong>Saccli,</strong></span> <span class='ocrx_word' id='word_1_51' title='bbox 730 1886 893 1982; x_wconf 87' lang='lat' dir='ltr'><strong>parentis</strong></span> <span class='ocrx_word' id='word_1_52' title='bbox 912 1886 1021 1959; x_wconf 90' lang='lat' dir='ltr'><strong>dulce</strong></span> <span class='ocrx_word' id='word_1_53' title='bbox 1041 1884 1200 1984; x_wconf 89' lang='lat' dir='ltr'><strong>pignus,</strong></span> 
     </span>
     <span class='ocr_line' id='line_1_13' title="bbox 672 1990 1352 2092; baseline -0.003 -26"><span class='ocrx_word' id='word_1_54' title='bbox 672 1990 921 2088; x_wconf 88' lang='lat' dir='ltr'><strong>Semidiisque</strong></span> <span class='ocrx_word' id='word_1_55' title='bbox 939 2017 1061 2092; x_wconf 87' lang='lat' dir='ltr'><strong>genus</strong></span> <span class='ocrx_word' id='word_1_56' title='bbox 1077 1991 1352 2091; x_wconf 85' lang='lat' dir='ltr'><strong>propinguum!</strong></span> 
     </span>
     <span class='ocr_line' id='line_1_14' title="bbox 440 2097 1173 2194; baseline -0.003 -19"><span class='ocrx_word' id='word_1_57' title='bbox 440 2113 448 2133; x_wconf 77' lang='lat'><strong><em>¹</em></strong></span> <span class='ocrx_word' id='word_1_58' title='bbox 463 2099 601 2175; x_wconf 91' lang='lat' dir='ltr'><strong>Secura</strong></span> <span class='ocrx_word' id='word_1_59' title='bbox 617 2097 759 2194; x_wconf 90' lang='lat' dir='ltr'><strong>linquis</strong></span> <span class='ocrx_word' id='word_1_60' title='bbox 778 2099 944 2173; x_wconf 90' lang='lat' dir='ltr'><strong>culmina</strong></span> <span class='ocrx_word' id='word_1_61' title='bbox 962 2111 1005 2173; x_wconf 91' lang='lat' dir='ltr'><strong>tu</strong></span> <span class='ocrx_word' id='word_1_62' title='bbox 1024 2099 1173 2190; x_wconf 84' lang='lat' dir='ltr'><strong>Budae,</strong></span> 
     </span>
     <span class='ocr_line' id='line_1_15' title="bbox 461 2204 1120 2303; baseline -0.008 -20"><span class='ocrx_word' id='word_1_63' title='bbox 461 2207 561 2283; x_wconf 88' lang='lat' dir='ltr'><strong>Voto</strong></span> <span class='ocrx_word' id='word_1_64' title='bbox 573 2204 744 2303; x_wconf 89' lang='lat' dir='ltr'><strong>parentis</strong></span> <span class='ocrx_word' id='word_1_65' title='bbox 763 2232 835 2279; x_wconf 88' lang='lat' dir='ltr'><strong>non</strong></span> <span class='ocrx_word' id='word_1_66' title='bbox 856 2207 981 2282; x_wconf 88' lang='lat' dir='ltr'><strong>minus</strong></span> <span class='ocrx_word' id='word_1_67' title='bbox 1000 2205 1120 2280; x_wconf 89' lang='lat' dir='ltr'><strong>actui</strong></span> 
     </span>
     <span class='ocr_line' id='line_1_16' title="bbox 566 2312 1093 2406; baseline 0 -19"><span class='ocrx_word' id='word_1_68' title='bbox 566 2312 709 2387; x_wconf 80' lang='lat' dir='ltr'><strong>Ardore</strong></span> <span class='ocrx_word' id='word_1_69' title='bbox 726 2314 847 2388; x_wconf 84' lang='lat' dir='ltr'><strong>cordis</strong></span> <span class='ocrx_word' id='word_1_70' title='bbox 867 2313 1093 2406; x_wconf 80' lang='lat' dir='ltr'><strong>concitatus,</strong></span> 
     </span>
     <span class='ocr_line' id='line_1_17' title="bbox 671 2420 1273 2521; baseline 0 -27"><span class='ocrx_word' id='word_1_71' title='bbox 671 2420 721 2494; x_wconf 86' lang='lat' dir='ltr'><strong>Et</strong></span> <span class='ocrx_word' id='word_1_72' title='bbox 737 2446 915 2521; x_wconf 88' lang='lat' dir='ltr'><strong>properas</strong></span> <span class='ocrx_word' id='word_1_73' title='bbox 935 2420 1080 2496; x_wconf 85' lang='lat' dir='ltr'><strong>miseris</strong></span> <span class='ocrx_word' id='word_1_74' title='bbox 1098 2435 1273 2495; x_wconf 88' lang='lat' dir='ltr'><strong>vocatam</strong></span> 
     </span>
     <span class='ocr_line' id='line_1_18' title="bbox 460 2527 1223 2623; baseline -0.003 -20"><span class='ocrx_word' id='word_1_75' title='bbox 460 2527 639 2603; x_wconf 86' lang='lat' dir='ltr'><strong>Praesens</strong></span> <span class='ocrx_word' id='word_1_76' title='bbox 658 2528 839 2621; x_wconf 89' lang='lat' dir='ltr'><strong>salutem,</strong></span> <span class='ocrx_word' id='word_1_77' title='bbox 858 2553 936 2623; x_wconf 88' lang='lat' dir='ltr'><strong>qua</strong></span> <span class='ocrx_word' id='word_1_78' title='bbox 950 2529 1058 2621; x_wconf 89' lang='lat' dir='ltr'><strong>licet,</strong></span> <span class='ocrx_word' id='word_1_79' title='bbox 1077 2530 1223 2602; x_wconf 85' lang='lat' dir='ltr'><strong>addere.</strong></span> 
     </span>
     <span class='ocr_line' id='line_1_19' title="bbox 460 2633 1067 2734; baseline 0 -25"><span class='ocrx_word' id='word_1_80' title='bbox 460 2633 564 2710; x_wconf 89' lang='lat' dir='ltr'><strong>Nihil</strong></span> <span class='ocrx_word' id='word_1_81' title='bbox 581 2635 719 2710; x_wconf 86' lang='lat' dir='ltr'><strong>minaci</strong></span> <span class='ocrx_word' id='word_1_82' title='bbox 738 2635 903 2710; x_wconf 89' lang='lat' dir='ltr'><strong>Danubii</strong></span> <span class='ocrx_word' id='word_1_83' title='bbox 921 2636 1067 2734; x_wconf 88' lang='lat' dir='ltr'><strong>impetu</strong></span> 
     </span>
     <span class='ocr_line' id='line_1_20' title="bbox 564 2742 1113 2834; baseline 0.002 -19"><span class='ocrx_word' id='word_1_84' title='bbox 564 2742 709 2834; x_wconf 88' lang='lat' dir='ltr'><strong>Motus,</strong></span> <span class='ocrx_word' id='word_1_85' title='bbox 727 2767 795 2817; x_wconf 89' lang='lat' dir='ltr'><strong>nee</strong></span> <span class='ocrx_word' id='word_1_86' title='bbox 813 2744 888 2822; x_wconf 90' lang='lat' dir='ltr'><strong>iras</strong></span> <span class='ocrx_word' id='word_1_87' title='bbox 908 2743 1113 2816; x_wconf 89' lang='lat' dir='ltr'><strong>aestuantis</strong></span> 
     </span>
     <span class='ocr_line' id='line_1_21' title="bbox 669 2848 1191 2951; baseline -0.004 -28"><span class='ocrx_word' id='word_1_88' title='bbox 669 2849 860 2950; x_wconf 85' lang='lat' dir='ltr'><strong>Ambiguo</strong></span> <span class='ocrx_word' id='word_1_89' title='bbox 878 2848 1030 2951; x_wconf 85' lang='lat' dir='ltr'><strong>fugiens</strong></span> <span class='ocrx_word' id='word_1_90' title='bbox 1047 2850 1191 2924; x_wconf 91' lang='lat' dir='ltr'><strong>timore.</strong></span> 
     </span>
     <span class='ocr_line' id='line_1_22' title="bbox 459 2956 1168 3059; baseline -0.001 -27"><span class='ocrx_word' id='word_1_91' title='bbox 459 2956 580 3032; x_wconf 88' lang='lat' dir='ltr'><strong>Maior</strong></span> <span class='ocrx_word' id='word_1_92' title='bbox 597 2956 769 3057; x_wconf 89' lang='lat' dir='ltr'><strong>procellis</strong></span> <span class='ocrx_word' id='word_1_93' title='bbox 787 2967 935 3059; x_wconf 86' lang='lat' dir='ltr'><strong>pugnat</strong></span> <span class='ocrx_word' id='word_1_94' title='bbox 953 2983 1060 3035; x_wconf 90' lang='lat' dir='ltr'><strong>amor</strong></span> <span class='ocrx_word' id='word_1_95' title='bbox 1077 2969 1168 3032; x_wconf 90' lang='lat' dir='ltr'><strong>tuus</strong></span> 
     </span>
     <span class='ocr_line' id='line_1_23' title="bbox 459 3065 1153 3166; baseline -0.001 -27"><span class='ocrx_word' id='word_1_96' title='bbox 459 3066 571 3140; x_wconf 86' lang='lat' dir='ltr'><strong>Vitae</strong></span> <span class='ocrx_word' id='word_1_97' title='bbox 590 3076 628 3139; x_wconf 91' lang='lat' dir='ltr'><strong>et</strong></span> <span class='ocrx_word' id='word_1_98' title='bbox 646 3065 778 3139; x_wconf 87' lang='lat' dir='ltr'><strong>salutis</strong></span> <span class='ocrx_word' id='word_1_99' title='bbox 796 3065 980 3166; x_wconf 88' lang='lat' dir='ltr'><strong>prodigus</strong></span> <span class='ocrx_word' id='word_1_100' title='bbox 999 3079 1039 3140; x_wconf 88' lang='lat' dir='ltr'><strong>et</strong></span> <span class='ocrx_word' id='word_1_101' title='bbox 1055 3066 1153 3165; x_wconf 92' lang='lat' dir='ltr'><strong>spei,</strong></span> 
     </span>
     <span class='ocr_line' id='line_1_24' title="bbox 564 3174 1185 3268; baseline 0 -21"><span class='ocrx_word' id='word_1_102' title='bbox 564 3174 777 3268; x_wconf 82' lang='lat' dir='ltr'><strong>Audaxque</strong></span> <span class='ocrx_word' id='word_1_103' title='bbox 796 3198 874 3247; x_wconf 87' lang='lat' dir='ltr'><strong>sese</strong></span> <span class='ocrx_word' id='word_1_104' title='bbox 893 3186 960 3247; x_wconf 89' lang='lat' dir='ltr'><strong>aut</strong></span> <span class='ocrx_word' id='word_1_105' title='bbox 977 3176 1185 3264; x_wconf 89' lang='lat' dir='ltr'><strong>devovere,</strong></span> 
     </span>
     <span class='ocr_line' id='line_1_25' title="bbox 670 3280 1268 3355; baseline -0.003 0"><span class='ocrx_word' id='word_1_106' title='bbox 670 3282 746 3355; x_wconf 85' lang='lat' dir='ltr'><strong>Aut</strong></span> <span class='ocrx_word' id='word_1_107' title='bbox 764 3280 908 3354; x_wconf 81' lang='lat' dir='ltr'><strong>miseris</strong></span> <span class='ocrx_word' id='word_1_108' title='bbox 927 3281 1089 3355; x_wconf 88' lang='lat' dir='ltr'><strong>solidare</strong></span> <span class='ocrx_word' id='word_1_109' title='bbox 1106 3280 1268 3354; x_wconf 87' lang='lat' dir='ltr'><strong>fractam</strong></span> 
     </span>
     <span class='ocr_line' id='line_1_26' title="bbox 460 3382 1294 3488; baseline -0.006 -23"><span class='ocrx_word' id='word_1_110' title='bbox 460 3388 590 3488; x_wconf 74' lang='lat' dir='ltr'><strong>Spem,</strong></span> <span class='ocrx_word' id='word_1_111' title='bbox 608 3387 752 3487; x_wconf 90' lang='lat' dir='ltr'><strong>primus</strong></span> <span class='ocrx_word' id='word_1_112' title='bbox 771 3387 851 3461; x_wconf 91' lang='lat' dir='ltr'><strong>illic</strong></span> <span class='ocrx_word' id='word_1_113' title='bbox 869 3387 1004 3462; x_wconf 90' lang='lat' dir='ltr'><strong>horror</strong></span> <span class='ocrx_word' id='word_1_114' title='bbox 1020 3388 1090 3462; x_wconf 90' lang='lat' dir='ltr'><strong>ubi</strong></span> <span class='ocrx_word' id='word_1_115' title='bbox 1107 3398 1145 3461; x_wconf 89' lang='lat' dir='ltr'><strong>et</strong></span> <span class='ocrx_word' id='word_1_116' title='bbox 1163 3382 1294 3487; x_wconf 79' lang='lat' dir='ltr'><strong>tiagor</strong></span> 
     </span>
     <span class='ocr_line' id='line_1_27' title="bbox 458 3495 1368 3592; baseline -0.001 -21"><span class='ocrx_word' id='word_1_117' title='bbox 458 3495 665 3571; x_wconf 87' lang='lat' dir='ltr'><strong>Ferocienti</strong></span> <span class='ocrx_word' id='word_1_118' title='bbox 684 3505 772 3570; x_wconf 87' lang='lat' dir='ltr'><strong>sunt</strong></span> <span class='ocrx_word' id='word_1_119' title='bbox 790 3496 944 3569; x_wconf 87' lang='lat' dir='ltr'><strong>comites</strong></span> <span class='ocrx_word' id='word_1_120' title='bbox 961 3522 1102 3592; x_wconf 86' lang='lat' dir='ltr'><strong>aquae,</strong></span> <span class='ocrx_word' id='word_1_121' title='bbox 1364 3506 1368 3513; x_wconf 81' lang='grc'><strong>’</strong></span> 
     </span>
     <span class='ocr_line' id='line_1_28' title="bbox 514 3604 1288 3705; baseline 0.012 -34"><span class='ocrx_word' id='word_1_122' title='bbox 514 3668 516 3671; x_wconf 85' lang='grc'><strong>,</strong></span> <span class='ocrx_word' id='word_1_123' title='bbox 562 3604 751 3699; x_wconf 84' lang='lat' dir='ltr'><strong>Famaque</strong></span> <span class='ocrx_word' id='word_1_124' title='bbox 768 3606 917 3694; x_wconf 87' lang='lat' dir='ltr'><strong>tabent,</strong></span> <span class='ocrx_word' id='word_1_125' title='bbox 934 3614 1000 3677; x_wconf 90' lang='lat' dir='ltr'><strong>aut</strong></span> <span class='ocrx_word' id='word_1_126' title='bbox 1018 3628 1195 3705; x_wconf 90' lang='lat' dir='ltr'><strong>supremo</strong></span> <span class='ocrx_word' id='word_1_127' title='bbox 1286 3692 1288 3698; x_wconf 85' lang='lat'><em>.</em></span> 
     </span>
     <span class='ocr_line' id='line_1_29' title="bbox 667 3709 1264 3787; baseline -0.005 -1"><span class='ocrx_word' id='word_1_128' title='bbox 667 3711 781 3787; x_wconf 88' lang='lat' dir='ltr'><strong>Tecta</strong></span> <span class='ocrx_word' id='word_1_129' title='bbox 799 3709 966 3785; x_wconf 88' lang='lat' dir='ltr'><strong>fremunt</strong></span> <span class='ocrx_word' id='word_1_130' title='bbox 984 3712 1131 3786; x_wconf 88' lang='lat' dir='ltr'><strong>ululata</strong></span> <span class='ocrx_word' id='word_1_131' title='bbox 1147 3712 1264 3786; x_wconf 89' lang='lat' dir='ltr'><strong>luctu.</strong></span> 
     </span>
     <span class='ocr_line' id='line_1_30' title="bbox 458 3817 1123 3921; baseline -0.009 -24"><span class='ocrx_word' id='word_1_132' title='bbox 458 3819 627 3921; x_wconf 79' lang='lat' dir='ltr'><strong>Cognata</strong></span> <span class='ocrx_word' id='word_1_133' title='bbox 645 3818 784 3909; x_wconf 79' lang='lat' dir='ltr'><strong>coelis,</strong></span> <span class='ocrx_word' id='word_1_134' title='bbox 805 3818 944 3892; x_wconf 91' lang='lat' dir='ltr'><strong>credite</strong></span> <span class='ocrx_word' id='word_1_135' title='bbox 963 3817 1123 3916; x_wconf 77' lang='lat' dir='ltr'><strong>posteri,</strong></span> 
     </span>
     <span class='ocr_line' id='line_1_31' title="bbox 457 3922 1154 4026; baseline -0.009 -23"><span class='ocrx_word' id='word_1_136' title='bbox 457 3926 506 4003; x_wconf 77' lang='lat' dir='ltr'><strong>Et</strong></span> <span class='ocrx_word' id='word_1_137' title='bbox 524 3926 640 4026; x_wconf 88' lang='lat' dir='ltr'><strong>digna</strong></span> <span class='ocrx_word' id='word_1_138' title='bbox 657 3926 781 4001; x_wconf 90' lang='lat' dir='ltr'><strong>virtus</strong></span> <span class='ocrx_word' id='word_1_139' title='bbox 799 3922 1033 4024; x_wconf 92' lang='lat' dir='ltr'><strong>principibus</strong></span> <span class='ocrx_word' id='word_1_140' title='bbox 1050 3925 1154 4000; x_wconf 88' lang='lat' dir='ltr'><strong>viris.</strong></span> 
     </span>
     <span class='ocr_line' id='line_1_32' title="bbox 563 4032 1112 4124; baseline -0.005 -14"><span class='ocrx_word' id='word_1_141' title='bbox 563 4032 701 4110; x_wconf 89' lang='lat' dir='ltr'><strong>Salicta</strong></span> <span class='ocrx_word' id='word_1_142' title='bbox 720 4032 750 4107; x_wconf 92' lang='lat' dir='ltr'><strong>si</strong></span> <span class='ocrx_word' id='word_1_143' title='bbox 770 4040 941 4117; x_wconf 87' lang='lat' dir='ltr'><strong>contacta</strong></span> <span class='ocrx_word' id='word_1_144' title='bbox 958 4035 1112 4124; x_wconf 88' lang='lat' dir='ltr'><strong>cedant,</strong></span> 
     </span>
     <span class='ocr_line' id='line_1_33' title="bbox 667 4140 1405 4216; baseline -0.001 0"><span class='ocrx_word' id='word_1_145' title='bbox 667 4141 799 4216; x_wconf 89' lang='lat' dir='ltr'><strong>Palma</strong></span> <span class='ocrx_word' id='word_1_146' title='bbox 817 4164 903 4214; x_wconf 89' lang='lat' dir='ltr'><strong>suos</strong></span> <span class='ocrx_word' id='word_1_147' title='bbox 920 4140 1020 4215; x_wconf 89' lang='lat' dir='ltr'><strong>levet</strong></span> <span class='ocrx_word' id='word_1_148' title='bbox 1037 4142 1115 4215; x_wconf 87' lang='lat' dir='ltr'><strong>alta</strong></span> <span class='ocrx_word' id='word_1_149' title='bbox 1132 4165 1266 4215; x_wconf 86' lang='lat' dir='ltr'><strong>ramos.</strong></span> <span class='ocrx_word' id='word_1_150' title='bbox 1401 4206 1405 4215; x_wconf 94' lang='lat'>.</span> 
     </span>
     <span class='ocr_line' id='line_1_34' title="bbox 457 4246 1202 4350; baseline -0.004 -27"><span class='ocrx_word' id='word_1_151' title='bbox 457 4246 587 4350; x_wconf 90' lang='lat' dir='ltr'><strong>Magni</strong></span> <span class='ocrx_word' id='word_1_152' title='bbox 607 4247 773 4347; x_wconf 88' lang='lat' dir='ltr'><strong>parentis</strong></span> <span class='ocrx_word' id='word_1_153' title='bbox 791 4247 983 4346; x_wconf 90' lang='lat' dir='ltr'><strong>gressibus</strong></span> <span class='ocrx_word' id='word_1_154' title='bbox 1001 4248 1202 4323; x_wconf 90' lang='lat' dir='ltr'><strong>imminens</strong></span> 
     </span>
     <span class='ocr_line' id='line_1_35' title="bbox 458 4353 1246 4455; baseline -0.006 -22"><span class='ocrx_word' id='word_1_155' title='bbox 458 4356 652 4452; x_wconf 88' lang='lat' dir='ltr'><strong>Oquanta</strong></span> <span class='ocrx_word' id='word_1_156' title='bbox 669 4353 774 4430; x_wconf 90' lang='lat' dir='ltr'><strong>ducis</strong></span> <span class='ocrx_word' id='word_1_157' title='bbox 802 4354 1049 4454; x_wconf 87' lang='lat' dir='ltr'><strong>Stephane</strong></span> <span class='ocrx_word' id='word_1_158' title='bbox 1076 4355 1246 4455; x_wconf 78' lang='lat' dir='ltr'><strong>pectora!</strong></span> 
     </span>
     <span class='ocr_line' id='line_1_36' title="bbox 562 4461 1336 4562; baseline -0.001 -24"><span class='ocrx_word' id='word_1_159' title='bbox 562 4462 633 4538; x_wconf 91' lang='lat' dir='ltr'><strong>Tot</strong></span> <span class='ocrx_word' id='word_1_160' title='bbox 651 4461 824 4562; x_wconf 89' lang='lat' dir='ltr'><strong>obligans</strong></span> <span class='ocrx_word' id='word_1_161' title='bbox 841 4463 976 4537; x_wconf 86' lang='lat' dir='ltr'><strong>vinclis</strong></span> <span class='ocrx_word' id='word_1_162' title='bbox 995 4463 1163 4559; x_wconf 89' lang='lat' dir='ltr'><strong>quietos,</strong></span> <span class='ocrx_word' id='word_1_163' title='bbox 1332 4464 1336 4467; x_wconf 70' lang='grc'><strong>’</strong></span> 
     </span>
     <span class='ocr_line' id='line_1_37' title="bbox 666 4566 1275 4660; baseline 0.002 -16"><span class='ocrx_word' id='word_1_164' title='bbox 666 4566 767 4660; x_wconf 81' lang='lat' dir='ltr'><strong>Quot</strong></span> <span class='ocrx_word' id='word_1_165' title='bbox 784 4570 929 4643; x_wconf 87' lang='lat' dir='ltr'><strong>miseris</strong></span> <span class='ocrx_word' id='word_1_166' title='bbox 948 4572 1117 4645; x_wconf 88' lang='lat' dir='ltr'><strong>relevare</strong></span> <span class='ocrx_word' id='word_1_167' title='bbox 1136 4580 1275 4645; x_wconf 86' lang='lat' dir='ltr'><strong>sortem</strong></span> 
     </span>
     <span class='ocr_line' id='line_1_38' title="bbox 456 4676 1176 4768; baseline 0 -15"><span class='ocrx_word' id='word_1_168' title='bbox 456 4677 504 4753; x_wconf 88' lang='lat' dir='ltr'><strong>Et</strong></span> <span class='ocrx_word' id='word_1_169' title='bbox 521 4700 614 4753; x_wconf 83' lang='lat' dir='ltr'><strong>voce</strong></span> <span class='ocrx_word' id='word_1_170' title='bbox 630 4677 789 4768; x_wconf 88' lang='lat' dir='ltr'><strong>blanda,</strong></span> <span class='ocrx_word' id='word_1_171' title='bbox 808 4688 845 4749; x_wconf 88' lang='lat' dir='ltr'><strong>ct</strong></span> <span class='ocrx_word' id='word_1_172' title='bbox 862 4676 1044 4753; x_wconf 87' lang='lat' dir='ltr'><strong>munifica</strong></span> <span class='ocrx_word' id='word_1_173' title='bbox 1059 4704 1176 4753; x_wconf 89' lang='lat' dir='ltr'><strong>manu</strong></span> 
     </span>
     <span class='ocr_line' id='line_1_39' title="bbox 458 4784 1174 4885; baseline -0.003 -24"><span class='ocrx_word' id='word_1_174' title='bbox 458 4786 672 4880; x_wconf 89' lang='lat' dir='ltr'><strong>Vultuque,</strong></span> <span class='ocrx_word' id='word_1_175' title='bbox 689 4784 889 4883; x_wconf 89' lang='lat' dir='ltr'><strong>Princeps,</strong></span> <span class='ocrx_word' id='word_1_176' title='bbox 910 4785 1076 4885; x_wconf 86' lang='lat' dir='ltr'><strong>propitio</strong></span> <span class='ocrx_word' id='word_1_177' title='bbox 1094 4786 1174 4859; x_wconf 92' lang='lat' dir='ltr'><strong>dies</strong></span> 
     </span>
     <span class='ocr_line' id='line_1_40' title="bbox 563 4890 1213 4991; baseline 0.002 -24"><span class='ocrx_word' id='word_1_178' title='bbox 563 4890 772 4989; x_wconf 88' lang='lat' dir='ltr'><strong>Noctcsque</strong></span> <span class='ocrx_word' id='word_1_179' title='bbox 791 4916 964 4991; x_wconf 85' lang='lat' dir='ltr'><strong>praesens</strong></span> <span class='ocrx_word' id='word_1_180' title='bbox 984 4891 1213 4984; x_wconf 79' lang='lat' dir='ltr'><strong>collabores,</strong></span> 
     </span>
     <span class='ocr_line' id='line_1_41' title="bbox 667 4997 1211 5102; baseline 0.002 -28"><span class='ocrx_word' id='word_1_181' title='bbox 667 5000 768 5075; x_wconf 83' lang='lat' dir='ltr'><strong>Vera</strong></span> <span class='ocrx_word' id='word_1_182' title='bbox 786 4997 840 5102; x_wconf 88' lang='lat' dir='ltr'><strong>pii</strong></span> <span class='ocrx_word' id='word_1_183' title='bbox 857 4997 1006 5100; x_wconf 88' lang='lat' dir='ltr'><strong>generis</strong></span> <span class='ocrx_word' id='word_1_184' title='bbox 1025 5000 1211 5101; x_wconf 88' lang='lat' dir='ltr'><strong>propago!</strong></span> 
     </span>
    </p>
   </div>
   <div class='ocr_carea' id='block_1_3' title="bbox 0 0 2046 6000">
    <p class='ocr_par' dir='ltr' id='par_1_3' title="bbox 0 0 2046 6000">
     <span class='ocr_line' id='line_1_42' title="bbox 0 0 2046 6000; baseline 0 4"><span class='ocrx_word' id='word_1_185' title='bbox 0 0 2046 6000; x_wconf 95' lang='lat' dir='ltr'><strong> </strong></span> 
     </span>
    </p>
   </div>
  </div>
 </body>
</html>
