4084 6000
969 642 1015 716 71

415 857 568 932 Iuribus
586 857 651 930 ille
670 866 824 957 potens,
843 854 905 930 hic
924 857 1056 955 plenus
1076 860 1253 959 dogmate
1273 883 1398 951 saor0,

520 965 714 1040 Laudibus
733 962 866 1038 eximii
882 974 992 1038 notus
1009 975 1171 1060 uterque
1188 965 1274 1040 viri.

415 1070 539 1163 Quam
557 1070 747 1171 placiduS,
765 1071 890 1162 mitis,
909 1070 1080 1147 doctrina
1099 1073 1241 1168 qualis,
1260 1082 1298 1147 et
1317 1077 1428 1148 ambo

519 1177 643 1269 Quam
662 1178 740 1252 cari
757 1177 918 1253 cunctis!
938 1188 1091 1278 pectora
1110 1179 1215 1256 nulla
1234 1179 1347 1281 fugit.

414 1286 561 1388 Amplis
579 1312 656 1383 qua
672 1285 819 1362 meritis
836 1295 944 1386 parto
963 1288 1205 1368 cumulantur
1223 1281 1383 1382 honore,

520 1393 579 1468 An
596 1392 733 1487 fuerit,
750 1394 888 1469 tacitus
907 1393 974 1489 qui
990 1393 1054 1492 pia
1072 1407 1161 1469 vota
1178 1396 1355 1494 premat?

415 1501 492 1590 Vos
510 1527 581 1603 ego
599 1494 770 1595 membra
787 1501 884 1574 sacri
899 1504 1115 1576 veneranda
1132 1503 1277 1602 appello
1297 1515 1468 1596 senatus,

519 1608 692 1701 Quorum
710 1603 799 1682 sunt
816 1608 913 1683 tanti
932 1633 1019 1707 pars
1038 1610 1149 1683 modo
1169 1607 1269 1683 sacta
1287 1610 1378 1683 viril

415 1715 549 1790 Annon
567 1715 702 1810 cuique
721 1714 827 1814 pium
845 1726 1061 1815 pertentant
1078 1716 1220 1816 gaudia
1237 1728 1388 1814 pectus,

519 1822 674 1898 Talibus
694 1832 738 1897 ut
754 1821 934 1906 membris
953 1823 1063 1896 stalla
1082 1823 1198 1898 nitere
1220 1823 1352 1899 videt‘?
1465 1846 1468 1852 ·

416 1930 534 2006 Omen
553 1956 627 2003 non
644 1955 729 2016 raro
740 1930 875 2017 latitat
893 1933 963 2004 sub
983 1930 1151 2006 nomine:
1172 1931 1264 2027 quid
1282 1934 1396 2006 tum‘l

518 2035 619 2112 Huic
638 2062 772 2112 nomen
792 2036 1039 2136 Stephani
1057 2049 1132 2130 est,
1152 2038 1242 2112 huic
1261 2037 1484 2116 Emerice
1503 2049 1623 2114 tuum.
1720 2055 1722 2060 '

415 2145 483 2218 llle
502 2156 610 2243 pater
627 2143 772 2236 fuerat,
791 2144 865 2219 fuit
882 2146 979 2219 alter
997 2156 1126 2220 natus:
1147 2157 1186 2219 at
1203 2145 1274 2219 iste

520 2252 601 2324 Iam
620 2263 768 2326 sanctus
786 2264 958 2326 sanctum
975 2252 1079 2326 filius
1098 2263 1182 2326 ante
1201 2262 1359 2350 patrem.

415 2358 637 2434 Nominibus
653 2358 769 2434 tantis
787 2359 953 2460 insignia
969 2370 1122 2458 pectora
1139 2370 1300 2452 vestros,
1321 2431 1324 2440 ,
1387 2449 1389 2454 Δ

518 2466 619 2540 Dum
638 2470 821 2558 subeunt,
840 2467 931 2541 cleri
950 2469 1062 2541 docta
1081 2491 1227 2558 corona,
1247 2467 1369 2541 sinus:
1467 2497 1469 2502 ¹

413 2571 505 2663 Quis
523 2582 637 2672 neget
653 2573 733 2663 his,
752 2574 858 2669 queis
876 2598 944 2649 vos
958 2572 1114 2673 fulgetis
1133 2573 1301 2672 sedibuS,
1322 2576 1492 2673 amplum

518 2680 723 2754 Accessisse
742 2682 876 2772 decus,
893 2705 1037 2777 vosque
1058 2680 1176 2754 nitere
1195 2681 1350 2780 magis?
1466 2767 1468 2770 ,

412 2787 456 2862 In
474 2787 582 2861 vobis
601 2787 740 2885 placidi
757 2813 898 2880 moreS,
917 2786 1094 2884 fastuque
1113 2787 1272 2862 carentis

518 2893 731 2992 Temperies
750 2895 898 3001 vultuS,
916 2919 1096 2990 mensque
1115 2895 1279 2996 benigna
1298 2895 1447 2973 micant.

412 3002 582 3077 Maxima
600 3001 792 3091 doctrinae
811 3012 849 3076 et
867 3002 1088 3077 meritorum
1107 3001 1209 3077 fama
1227 3015 1388 3078 remotas

517 3110 743 3185 Vestrorum
761 3112 905 3185 dudum
924 3109 1000 3183 iam
1018 3110 1165 3185 subiere
1183 3111 1328 3213 plagas.

416 3216 548 3309 Quid?
568 3219 672 3312 quod-
689 3217 729 3309 in
747 3216 908 3291 afflictos
928 3216 977 3291 sit
994 3218 1124 3309 vobis,
1143 3214 1256 3313 atque
1276 3218 1428 3309 clientes
1440 3276 1457 3316 ,

518 3325 562 3398 In
580 3324 751 3422 patribus
770 3324 892 3420 qualis
911 3350 1040 3403 sensus
1058 3324 1179 3399 inesse
1198 3326 1300 3400 solet.
1412 3382 1416 3389 .

413 3426 515 3522 Quot
532 3431 705 3524 iuvenes,
724 3432 826 3506 vitae
845 3431 970 3506 fuerat
988 3432 1127 3527 quibus
1146 3444 1250 3513 arcta
1268 3434 1460 3532 supellex,

518 3539 573 3613 De
592 3548 722 3613 vestra
737 3540 859 3632 vitam
874 3540 1088 3613 sustinuere
1107 3539 1238 3615 manu!

415 3643 516 3736 Quot
534 3646 673 3719 viduae
693 3646 871 3738 miserae,
889 3646 1008 3720 tristis
1028 3672 1121 3741 quas
1141 3646 1236 3721 ursit
1254 3657 1423 3745 egestas,
1513 3720 1514 3723 ,

518 3751 638 3827 Vobis
657 3764 840 3849 tanquam
858 3754 932 3827 aris
950 3763 1104 3851 pectora
1122 3765 1233 3853 grata
1250 3753 1379 3828 litanti

418 3858 573 3963 Ujvari,
591 3860 743 3961 Bajaik,
761 3861 957 3952 Horvath,
976 3860 1138 3935 Szutsits
1158 3854 1195 3934 et
1214 3860 1393 3959 Tutguth
1412 3852 1547 3959 ampli,

520 3967 616 4042 (lum
634 3968 777 4067 (lsupor
795 3978 833 4042 et
850 3968 1039 4068 Thering,
1059 3967 1212 4042 nomina
1232 3992 1339 4058 cara,
1358 3966 1448 4041 viril

416 4073 570 4151 Sentitis
589 4073 737 4167 forsan,
757 4100 831 4172 quo
850 4097 1013 4149 mamea
1033 4099 1139 4148 musa
1158 4075 1320 4166 levaret,

519 4182 658 4256 Icarias
677 4183 851 4276 velletrii
869 4180 1084 4282 meminisse
1102 4180 1233 4254 vices?

414 4288 583 4366 Moribus
602 4290 773 4384 eximiis,
791 4290 985 4385 musisque
1004 4288 1154 4363 addicta
1173 4287 1329 4363 sacratis

518 4397 621 4471 Dum
634 4408 765 4472 vestro
785 4399 968 4474 accedunt
987 4396 1135 4496 fulgida
1153 4398 1324 4487 membra
1343 4396 1476 4470 choro:

414 4504 598 4596 Brachia,
618 4530 692 4601 quo
711 4506 891 4596 tendunt,
909 4506 1092 4579 laetantes
1111 4504 1262 4600 pandite
1282 4513 1426 4595 vestra,
1503 4582 1505 4587 ,

518 4610 567 4704 Et
585 4613 704 4687 socios
723 4613 833 4685 sortis
851 4614 961 4686 corde
980 4609 1104 4691 fovete
1122 4611 1196 4708 pio.

416 4718 466 4793 At
481 4742 569 4810 noS,
587 4722 700 4795 turba
719 4718 862 4810 minor,
879 4718 978 4793 votis
996 4717 1245 4815 precibusque
1265 4692 1481 4814 sequentes:

522 4825 674 4919 Vivit-e,
693 4826 878 4917 dicemus,
896 4826 1016 4900 lustra
1034 4827 1145 4899 beata
1164 4824 1294 4899 simul!
