4084 6000
925 687 974 762 89

847 803 1057 814 ’.α-ν--αηο

792 1008 992 1112 Elegia
1019 1011 1107 1096 vl.

324 1211 377 1280 An
393 1209 575 1279 Martinam
596 1217 726 1276 Bonna
746 1211 966 1282 vacarias
988 1211 1580 1302 1111119111111111111111111111111-

587 1335 654 1404 lcm
670 1334 861 1405 scarionem
875 1335 1012 1422 piorum
1030 1338 1171 1405 electum
1193 1334 1302 1404 1826.
1380 1345 1383 1352 ⁴

374 1485 579 1598 llrustra
595 1549 711 1600 annos
728 1527 830 1601 vitae
846 1526 976 1602 niveos
994 1528 1208 1624 lentamque
1227 1537 1412 1606 senectam
1436 1559 1438 1566 ¹

479 1629 639 1724 Obiicis,
655 1644 694 1708 et
712 1634 849 1708 molem
866 1634 1032 1709 muneris
1050 1635 1063 1708 i
1073 1659 1155 1733 pse
1173 1634 1259 1708 tui.
1300 1669 1303 1678 ¹

374 1738 571 1832 Quamque
588 1739 690 1840 regis
708 1739 802 1816 felix
822 1742 907 1840 plns
926 1766 1042 1836 quam
1059 1741 1132 1816 tria
1144 1741 1289 1832 lustra,
1309 1767 1462 1817 recusas⁴

478 1845 635 1920 Frustra
652 1847 729 1922 iam
747 1847 857 1922 solita
874 1848 1041 1948 dirigere
1056 1857 1134 1926 arte
1153 1859 1282 1924 ratem.
1364 1898 1367 1904 ·

374 1953 546 2028 Senserat
564 1956 654 2028 ordo
673 1955 842 2054 pius'tali
859 1980 897 2030 se
916 1967 1021 2054 patre
1041 1959 1215 2030 beatum:

479 2057 578 2135 Num
595 2070 652 2153 te,
670 2063 762 2137 dum
779 2062 896 2154 vivis,
914 2088 1021 2161 posse
1040 2085 1165 2138 carere
1183 2072 1293 2162 putas
1306 2064 1328 2137 1
1426 2071 1427 2078 ’

373 2167 498 2262 Atque
516 2166 663 2242 utinam
679 2169 840 2244 viridem
859 2169 976 2269 possit
992 2169 1093 2245 tibi
1110 2172 1262 2244 reddere
1281 2171 1419 2262 vitam,
1499 2205 1502 2213 ·

477 2274 606 2368 Deque
625 2275 702 2350 suis
720 2301 836 2351 annos
854 2277 1105 2376 multiplicare
1123 2277 1251 2352 tuos!

375 2380 483 2472 Quod
502 2381 601 2478 potis
618 2394 694 2475 est,
713 2384 859 2459 coelum
875 2385 973 2459 votis
991 2385 1241 2484 precibusque
1259 2382 1414 2485 fatigat,
1483 2407 1485 2432 ²

478 2489 669 2564 Destituat
687 2502 811 2589 patres
828 2517 875 2565 ne
893 2502 977 2566 tua
995 2517 1086 2566 eura
1104 2491 1195 2591 pios.

375 2596 486 2687 Inde,
504 2595 591 2670 licet
608 2622 765 2691 renuas,
783 2598 957 2673 concordi
975 2609 1123 2698 pectore
1143 2599 1299 2676 clamat:
1397 2645 1399 2652 ·

361 2740 364 2747 .
478 2702 545 2777 Tu
563 2704 1430 2805 Martinepater,tumihipraeseseris!

375 2810 423 2883 Et
441 2809 530 2906 qnia
548 2823 637 2885 vota
655 2809 777 2911 fugis,
794 2813 969 2912 precibus
987 2813 1120 2888 vicisse
1139 2813 1304 2888 laborat·
1348 2849 1352 2856 ·
1381 2856 1383 2862 π

476 2916 638 2991 Tantum
656 2918 695 2990 11
714 2931 782 3012 te,
799 2919 1164 3020 praesen'oredit⁶
1176 2919 1296 2996 inesse
1314 2918 1421 2995 boni!

373 3024 522 3100 Scilicet
540 3035 578 3099 et
595 3027 790 3125 platanus,
809 3026 925 3102 fuerit
942 3051 1018 3123 quo
1038 3028 1233 3120 annosior,
1253 3030 1348 3124 alta,

475 3133 558 3206 Hoc
575 3134 710 3208 melius
728 3134 878 3235 rapidos
896 3136 1052 3234 despicit
1070 3136 1137 3211 illa
1154 3134 1279 3211 Notos
1396 3186 1398 3213 t

372 3239 557 3315 Grandine
575 3251 632 3315 est
648 3265 741 3317 auro
759 3242 942 3341 pretium,
961 3243 1197 3342 gemmisque
1215 3242 1394 3334 vetustis,
1507 3252 1510 3259 ’

475 3345 523 3419 Et
541 3349 670 3422 vetulo
689 3349 808 3425 maior
825 3350 951 3449 gratia
969 3375 1091 3425 nonne
1111 3351 1256 3425 merol·

371 3453 509 3528 Crescit
527 3454 566 3527 11
585 3456 751 3530 adversis
769 3457 911 3531 virtus:
930 3456 1130 3555 prudentia
1148 3483 1294 3556 semper

476 3560 712 3661 Splendidior
729 3566 843 3663 longo
861 3574 970 3662 parta
989 3565 1117 3640 labore
1135 3566 1262 3639 micat.

370 3667 611 3768 Tyrrhenum
629 3668 724 3745 felix
739 3672 809 3766 qui
826 3669 911 3747 fidit
929 3671 1060 3745 navita
1077 3684 1254 3771 pontum,

473 3776 557 3851 Non
575 3776 689 3851 simul
706 3778 890 3853 Euboicas
908 3782 1042 3853 cautus
1061 3779 1182 3854 arabit
1200 3781 1347 3874 aquas?

371 3882 504 3956 Hostes
522 3882 588 3978 qui
606 3884 751 3959 validos
769 3884 885 3977 vidit,
903 3886 1109 3981 Martisque
1128 3886 1274 3960 labores

474 3990 662 4065 Exhausit
679 3992 839 4092 rigidos,
858 3992 980 4088 quid‘l
1000 3992 1073 4067 nisi
1091 4003 1176 4068 tuta
1193 4003 1304 4092 petet.

369 4096 524 4171 Incertis
542 4097 689 4173 iuvenis
708 4099 870 4175 iactatur
888 4100 1034 4198 saepius
1053 4101 1182 4191 undis3

474 4205 619 4279 Interea
635 4207 827 4305 placidum
845 4206 1002 4284 Nestora
1019 4206 1108 4281 litus
1127 4209 1252 4281 habet.

369 4311 524 4385 Falleris
543 4312 611 4386 ahl
630 4314 846 4410 quicunque
863 4314 975 4388 nimis
992 4314 1223 4391 iuvenilibus
1240 4314 1347 4387 annis

474 4419 644 4494 Confisus
663 4423 777 4495 surda
792 4421 952 4521 despicis
970 4447 1060 4497 aure
1079 4448 1213 4497 senem.

368 4525 448 4599 Illic
467 4526 664 4602 consilium
682 4528 859 4603 diuturno
877 4531 1017 4605 rectius
1035 4554 1107 4603 usu

471 4634 661 4729 Invenies,
683 4635 759 4709 illic
778 4660 881 4710 mens
899 4636 1045 4711 radiata
1063 4640 1175 4711 sedet.

369 4740 642 4817 Automedonta
660 4742 775 4842 petis,
794 4743 928 4817 dubias
946 4745 1013 4840 qui
1032 4747 1163 4821 doctus
1182 4744 1347 4819 habenas
1371 4769 1374 4775 ’

472 4847 659 4923 Sustineat
677 4850 808 4925 vitae?
828 4853 986 4943 suadeo,
1005 4876 1144 4945 quaere
1162 4876 1297 4927 senem.

368 4954 441 5045 Qui
460 4955 571 5030 toties
589 4958 767 5055 populos,
786 4958 894 5033 toties
912 4960 1097 5034 exterruit
1116 4961 1262 5053 hosteS,

471 5062 643 5139 Annosus
661 5064 801 5144 Chiron
819 5068 954 5142 ductor
970 5065 1129 5144 Achillis
1148 5076 1238 5147 erat.
1312 5080 1315 5089 ’
