4084 6000
1007 627 1082 703 130
1122 743 1145 754 ⁸

935 745 1121 756 ...η--ι--α

458 841 587 920 Gloria
607 838 794 915 factorum
812 841 955 940 pariter
972 843 1153 940 perdurat
1171 841 1323 916 abillo:

563 950 638 1023 Pro
656 948 779 1046 patria
796 949 906 1024 dulae
924 948 1013 1022 hine
1032 949 1182 1042 vivere,
1201 950 1311 1024 dulce
1329 950 1425 1024 mori
1444 961 1510 1026 est.

456 1057 607 1134 Tullius
626 1055 715 1129 inde
733 1055 901 1156 amplus,
920 1054 1019 1132 Naso
1038 1056 1152 1131 simul
1170 1057 1257 1131 iude
1276 1056 1450 1156 eelebris3

563 1161 662 1238 Naso
681 1174 801 1238 metro
820 1161 964 1256 faeilis,
981 1164 1129 1240 Tullius
1147 1187 1211 1238 ore
1229 1175 1374 1263 potens·

456 1271 538 1346 Hos
558 1270 751 1345 dominam
769 1271 905 1348 melius
923 1272 1084 1347 Romam
1102 1296 1170 1372 per
1187 1274 1337 1347 saeeula
1355 1284 1499 1366 servat,

561 1376 685 1470 Quam
704 1377 827 1453 titulis
844 1380 993 1473 taleae,
1011 1380 1112 1454 clare
1131 1379 1345 1478 triumphe,
1362 1381 1450 1455 tuis.

455 1487 537 1562 Hoc
557 1486 624 1561 ubi
643 1485 844 1585 praecellas
863 1498 969 1563 tutus
987 1512 1054 1586 per
1072 1496 1110 1561 et
1129 1511 1294 1583 aequora
1312 1513 1458 1563 curres:

563 1591 778 1692 Expedient
796 1590 947 1670 facilem
965 1605 1102 1669 ventus
1122 1605 1159 1670 et
1177 1619 1270 1669 aura
1288 1595 1403 1670 viam.

454 1702 579 1778 Huius
598 1701 648 1775 sit
664 1725 780 1776 eurae
798 1701 872 1776 tibi
889 1702 1044 1801 propria
1061 1704 1220 1776 reddere
1235 1704 1353 1801 dona3

560 1808 657 1902 Nec,
675 1834 752 1905 qua
770 1809 1017 1915 monstrabit,
1036 1811 1185 1886 flectere
1204 1819 1329 1916 temne
1348 1813 1471 1912 pedes.

453 1916 642 2017 Respiciet
662 1919 777 1992 etiam
793 1915 915 1992 fidum
933 1917 1134 1992 iuncturus
1154 1917 1356 2012 Achatem,

558 2027 618 2100 An
637 2025 740 2101 culto
758 2024 916 2120 reliquis
934 2036 1085 2124 pectore
1103 2036 1269 2125 praestet
1287 2027 1415 2102 idem?

453 2134 512 2208 An
530 2133 579 2208 sit
597 2132 800 2225 Aristides,
818 2132 968 2225 videas,
987 2158 1037 2207 an
1056 2131 1151 2208 forte
1170 2133 1399 2210 Cleanthes?
1494 2179 1497 2186 ·

558 2239 618 2316 An
636 2239 694 2315 illi
711 2241 839 2315 sedeat
855 2235 1049 2340 plurimus*
1062 2265 1126 2316 ore
1145 2241 1290 2317 Sinon?

453 2347 689 2424 Moeonidem
708 2348 884 2446 quamvis
902 2349 1196 2449 Arpinatemque
1215 2350 1404 2448 relinquat

556 2455 734 2560 Ingeni03
752 2454 853 2532 vivit
869 2456 903 2531 si
921 2456 1099 2551 Catilina,
1117 2454 1219 2559 fuge.

724 3016 764 3056 κ
808 2975 809 2979 ‘
857 2993 1059 3134 mregm
1086 2996 1212 3081 ΧΠ.

596 3220 734 3290 Animus
751 3218 1057 3308 suarattaratae
1075 3222 1128 3287 est
1144 3217 1348 3287 recolendus
1369 3214 1478 3287 1836,

454 3388 524 3505 list
542 3427 692 3504 animus
708 3425 842 3503 melior
859 3427 978 3503 nestri
995 3450 1102 3527 pars:
1121 3427 1205 3501 labe
1224 3437 1399 3518 notatur,

560 3534 636 3628 Qui
653 3530 743 3610 sinit
759 3535 863 3611 hune
880 3534 982 3610 lento
1000 3535 1107 3610 trista
1125 3533 1245 3609 iacere
1264 3534 1350 3611 situ.

454 3644 511 3722 Ne
528 3655 640 3747 putre
658 3644 801 3719 desidia
819 3643 994 3720 silvescat
1012 3667 1147 3743 eorpus
1166 3642 1299 3735 inerti,

560 3752 679 3829 Curae
698 3762 755 3827 est
774 3750 935 3827 sollicita
953 3750 1098 3853 fingere
1114 3754 1286 3826 membra
1303 3772 1429 3823 manu.
1510 3794 1514 3801 -

437 3862 524 3939 -Est
540 3860 668 3953 labor,
686 3871 729 3935 ut
747 3884 881 3961 eorpus
899 3859 1054 3957 quasvis
1074 3856 1256 3934 formetur
1274 3859 1322 3931 ad
1340 3867 1458 3948 artes,

561 3967 750 4065 Nullaque
767 3993 855 4070 pars
873 3967 989 4043 studii
1006 3992 1082 4041 non
1100 3990 1255 4066 operosa
1273 3974 1394 4039 vacat.

456 4075 565 4153 Nune
582 4087 780 4177 praecepta
798 4076 899 4177 capit
917 4100 995 4150 sese
1013 4075 1152 4150 librare
1171 4076 1242 4149 sub
1259 4096 1389 4170 auras3

560 4183 721 4259 Vineere
739 4208 839 4259 nune
855 4184 978 4258 multa
996 4182 1222 4257 dexteritate
1241 4204 1358 4280 pares.

457 4290 566 4370 Nune
584 4292 733 4367 levibus
751 4290 885 4392 digitis
903 4286 1092 4393 cytharae
1105 4312 1321 4389 percurrere
1337 4286 1423 4385 fila;

561 4396 669 4473 Nunc
688 4397 935 4498 Amphionios
953 4400 1063 4472 edere
1080 4422 1173 4472 voee
1192 4418 1310 4471 sonos.
1347 4398 1351 4405 ’

456 4506 564 4584 Nune
583 4517 621 4581 et
640 4531 737 4603 equo
757 4504 868 4599 ferri,
887 4530 986 4581 nune
1004 4504 1115 4604 piscis
1134 4527 1237 4579 more
1256 4514 1405 4601 natare,

562 4616 641 4691 Aut
659 4614 759 4689 secio
778 4612 917 4689 infesta·
933 4612 1103 4689 eominus
1120 4612 1175 4688 ire
1194 4639 1320 4688 mauu.

454 4721 504 4800 Et
521 4721 629 4824 pueri
647 4731 825 4799 exercent
843 4721 971 4815 saltus,
989 4731 1214 4818 teneraeque
1233 4719 1399 4822 puellae,

560 4831 649 4905 Arte
668 4841 822 4933 regente
840 4854 991 4923 manus,
1010 4841 1089 4906 arte
1108 4840 1261 4931 regente
1280 4830 1403 4929 pedes

457 4938 496 5016 Si
514 4937 635 5015 brutis
653 4939 778 5013 cultus
796 4937 976 5014 membris
993 4937 1190 5035 virtusque
1209 4946 1383 5037 paratur:

561 5045 754 5145 Numquid
771 5046 844 5123 erit
861 5046 978 5122 menti
996 5045 1126 5123 debita
1144 5070 1234 5123 eura
1251 5044 1403 5120 minor?
