4084 6000
948 629 1023 706 157

348 841 630 942 Evigilaturae:
650 842 810 918 tacitum
828 867 876 917 ne
893 853 1047 941 pectora
1063 845 1168 920 virus

347 948 468 1024 (lauta
484 948 610 1024 minus
629 953 784 1042 subeat,
801 952 967 1046 quodam
986 975 1055 1029 nec
1074 961 1180 1051 parte
1198 951 1354 1026 vacillet

347 1056 467 1148 Oura,
485 1059 602 1131 bonos
619 1060 811 1154 quondam
827 1057 973 1157 patriae
991 1060 1116 1134 latura
1133 1070 1300 1159 nepotes,

452 1163 524 1237 Hic
542 1165 639 1239 mihi
656 1165 824 1242 Pierides
843 1165 963 1240 solitis
980 1167 1188 1268 'asssurgitc
1205 1166 1303 1241 votis

345 1270 492 1363 Altius,
512 1282 551 1345 ct
568 1273 729 1373 dignum
745 1273 926 1373 sapientis
944 1275 1095 1349 nomine
1114 1273 1237 1375 regia,

345 1379 469 1475 Atque
487 1378 562 1452 viri
579 1380 740 1480 dignum
757 1381 905 1455 meritis
914 1381 1106 1457 concedite
1125 1406 1296 1456 carmen:

345 1485 378 1561 Ο
397 1510 533 1586 regum
552 1484 690 1562 fasces!
709 1514 731 1562 o
749 1487 873 1588 gloria
890 1488 1031 1587 prima!
1049 1489 1216 1563 Deorum

347 1592 434 1666 Iure
452 1593 590 1692 genusl
610 1619 773 1690 quorum
791 1596 913 1670 sortiti
932 1621 1072 1696 regna,
1091 1596 1268 1692 vicesque

344 1700 418 1775 Per
435 1710 553 1775 terras
572 1701 672 1775 curis
691 1712 823 1802 gentes
841 1704 1077 1802 populosque
1095 1703 1235 1779 beatis!
1276 1753 1279 1766 ·

346 1805 494 1882 Oceano
512 1807 652 1882 similes
670 1834 831 1909 magno,
849 1809 917 1906 qui
935 1811 1095 1885 flumina
1113 1810 1217 1886 mille

346 1913 529 2013 Suscipit,
547 1925 586 1990 et
603 1916 737 2015 patriis
756 1917 823 1992 ubi
841 1915 939 1993 fovit
956 1915 1091 1993 leniter
1108 1917 1227 2013 ulnis3

344 2021 521 2097 Protinus
539 2021 735 2098 anfructus
753 2038 936 2121 notasque
953 2049 1080 2100 meare
1098 2049 1165 2125 per
1183 2048 1288 2115 oras,

343 2127 392 2204 Et
410 2128 518 2204 iubet
533 2130 659 2230 ampla
677 2131 815 2206 iterum
832 2129 969 2230 partiri
986 2133 1184 2208 commoda
1200 2130 1323 2207 terris.

347 2235 425 2310 Vos
442 2239 554 2312 modo
571 2263 664 2312 cura
681 2238 813 2312 minax
830 2239 1007 2314 Bellonae
1026 2239 1199 2330 distinet,
1218 2263 1321 2314 acres

346 2341 528 2420 Hostibus
546 2345 733 2420 obiectare
750 2371 903 2437 manus,
922 2345 1092 2443 finesque
1109 2346 1228 2421 tueri:

344 2450 508 2526 Consilio
525 2453 681 2528 meliore
698 2477 844 2527 sacram
863 2455 975 2528 modo
992 2453 1095 2553 pacis
1114 2454 1256 2528 olivam

344 2557 534 2651 Inseritis,
552 2560 702 2659 populis
721 2560 921 2660 geniturae
938 2560 1104 2659 plurima
1121 2559 1269 2634 linctus

342 2665 501 2741 Gaudia.
520 2667 685 2767 Relligio
702 2668 852 2765 placido
870 2692 969 2742 nnnc
986 2669 1099 2741 eorde
1116 2677 1303 2764 moratur3

341 2771 452 2846 Nunc
471 2785 588 2868 arteS,
607 2799 812 2871 musaeque
830 2784 984 2873 petunt,
1002 2773 1080 2848 iam
1098 2775 1211 2873 culpa
1227 2773 1394 2874 rigorem

342 2878 535 2955 Exhorret
551 2881 715 2979 iustum3'
732 2881 810 2955 iam
828 2882 951 2956 virtus
969 2882 1138 2980 praemia
1155 2881 1277 2981 poscit

342 2986 480 3063 Debita
497 2990 545 3063 de
561 2989 737 3068 manibus
755 2987 910 3063 vestris:
929 2990 995 3064 lex
1013 2989 1176 3086 denique
1194 2990 1338 3081 danda,

343 3094 459 3185 Queis
476 3096 642 3171 subnixa
659 3097 760 3171 salus
778 3096 925 3197 regniS,
945 3095 1172 3194 fortunaque
1191 3108 1343 3171 crescat.
1476 3158 1478 3163 .

449 3202 520 3278 Tot
538 3228 647 3278 curas
665 3204 783 3295 inter,
801 3215 882 3278 tam
900 3204 1062 3304 grandia
1080 3229 1261 3295 munera,
1279 3230 1301 3277 o
1320 3226 1391 3276 rex

341 3309 522 3386 Ferdin
533 3312 674 3385 andei
693 3312 787 3407 quid
805 3312 891 3385 est‘?
910 3309 1049 3412 vigiles
1068 3314 1171 3408 quod
1188 3314 1302 3388 turba
1320 3308 1470 3409 piorum

342 3416 509 3493 Obtutus
526 3429 680 3517 patrum
697 3428 841 3493 teneat:
857 3418 952 3493 latet
968 3418 1036 3493 illa
1054 3431 1207 3518 penates

342 3524 533 3625 Angustos
550 3526 648 3600 inter
665 3525 827 3625 passim,
844 3550 1039 3625 parvoque
1056 3528 1169 3601 beata

340 3631 520 3706 Assiduas
538 3643 664 3707 versat
682 3658 814 3725 curas,
832 3635 1047 3728 durumque
1065 3633 1255 3725 laborem,

339 3736 423 3832 Nil,
442 3739 515 3814 nisi
532 3741 639 3815 lucra
655 3740 754 3839 poli,
772 3738 937 3840 patriae,
954 3740 1132 3839 regisque
1150 3738 1326 3840 benigni,

340 3845 542 3924 Immemor
561 3873 679 3944 usque
696 3847 776 3939 sui,
795 3872 989 3944 quaerens.
1017 3846 1116 3922 Tua
1135 3846 1278 3920 scilicet
1295 3869 1417 3941 aequa
1435 3855 1493 3919 est

338 3952 486 4029 Dextra
503 3953 577 4054 piis
595 3954 759 4046 meritis,
778 3966 815 4029 et
832 3980 927 4051 quos
944 3955 1053 4028 labor
1070 3952 1287 4053 improbus,
1306 3962 1344 4025 et
1361 3976 1455 4047 qnos

339 4059 495 4137 Consilii
513 4073 663 4136 matura
681 4086 788 4163 seges
804 4062 1016 4136 vallaverat
1034 4061 1160 4159 amplo

339 4167 517 4261 Lumine,
536 4195 610 4243 nou
627 4172 755 4243 tardas
774 4170 935 4249 clemens
953 4168 1124 4243 attollere
1143 4167 1184 4241 in
1202 4168 1343 4263 altum,

340 4275 450 4350 Unde
467 4300 578 4351 suum
596 4277 692 4369 late,
710 4278 817 4352 velut
834 4289 936 4352 astra
952 4275 1152 4367 micantia,
1170 4274 1309 4348 lumen.

338 4381 573 4482 Dispensent.
600 4384 751 4475 Primo,
769 4386 897 4483 Spar
906 4383 959 4485 yi
970 4383 1017 4475 k,
1035 4382 1107 4457 tibi
1126 4381 1250 4482 gloria
1267 4390 1372 4455 tanta

339 4489 459 4565 Tanto
479 4493 524 4565 de
543 4503 714 4567 nostrum
733 4516 891 4565 numero
909 4490 1014 4564 venit
1032 4490 1125 4580 ista,
1143 4489 1290 4563 virente
1309 4488 1311 4491 ’

339 4595 435 4687 Quis
452 4599 578 4696 palma
596 4598 786 4699 insignem
803 4598 983 4672 dubitet?
1003 4595 1140 4671 nostris
1159 4598 1272 4671 decus
1290 4593 1413 4667 isthoc

339 4702 449 4779 Felix
468 4716 517 4779 tu
536 4705 752 4780 accumulas
771 4704 879 4779 fastis
891 4704 1018 4779 :tibi
1038 4715 1167 4778 nostra
1184 4700 1351 4776 vicissim

339 4813 436 4887 Prae
454 4812 610 4909 reliquis
628 4815 719 4886 data
735 4822 827 4888 vota
843 4811 988 4901 calent,
1008 4835 1106 4906 quae
1124 4811 1196 4885 rite
1215 4809 1373 4909 probata

341 4920 372 4993 Α
390 4919 534 5019 superis
552 4945 669 4995 annos
687 4944 883 5011 cumaeos,
902 4919 1097 5013 lustraque
1116 4928 1248 4992 texent

341 5028 483 5122 Aurea,
502 5026 602 5103 iusta
621 5027 738 5119 tibi,
756 5026 899 5126 patriae
917 5025 1102 5121 nobisque
1121 5028 1266 5099 decora.
1322 5068 1326 5076 ·
