4084 6000
757 1131 957 1237 nregn
984 1132 1136 1218 xm.

319 1350 507 1422 Honoribus
523 1350 668 1420 Emerici
677 1359 830 1415 annuns
843 1353 920 1418 oum
935 1367 1053 1419 munos
1070 1352 1218 1438 episcopi
1231 1351 1580 1440 111119111κεὶ1εοὶ-

738 1473 889 1542 lemniter
907 1476 1018 1543 odiret
1041 1472 1149 1541 1851.

373 1623 499 1738 Alba
520 1657 624 1750 lave,
642 1659 775 1758 patriis
793 1663 938 1765 dudum
955 1661 1197 1736 celeberrima
1216 1661 1342 1756 fastis,

475 1765 611 1842 Nostra
628 1778 737 1840 tuam
754 1768 869 1868 gestit
886 1793 994 1842 musa
1011 1790 1142 1843 sonare
1160 1769 1271 1845 diem.

369 1873 539 1966 Gaudia,
556 1899 653 1969 quae
670 1874 770 1948 votis
786 1874 897 1949 toties
914 1876 1162 1974 precibusque
1180 1879 1363 1969 vocabas,

475 1980 581 2056 Velis
598 1979 664 2054 enl
680 1980 839 2054 tumidis
855 2007 951 2060 aura
966 1983 1130 2057 secunda
1145 1982 1263 2059 vehit.

372 2088 439 2162 llle
456 2086 528 2162 tibi
543 2085 681 2163 teneris
697 2086 949 2189 Emericus
966 2113 1078 2164 carus
1093 2091 1143 2164 ab
1159 2091 1268 2164 annis

476 2192 668 2271 Praesulei
685 2195 838 2268 tandem
855 2195 1005 2270 culmen
1022 2193 1175 2273 honoris
1193 2197 1294 2272 adia
1413 2247 1416 2254 ·

372 2300 491 2396 Siqua
508 2300 588 2374 dies
605 2299 707 2374 luxit
723 2301 836 2376 niveo
851 2300 1038 2404 signanda
1055 2301 1205 2401 lapillo,

475 2407 580 2482 Haec
596 2406 668 2482 tibi
684 2431 775 2506 prae
791 2408 948 2505 reliquis
964 2407 1046 2484 iure
1065 2421 1196 2484 notata
1212 2421 1350 2484 manet.
1421 2439 1423 2446 ·

372 2513 472 2589 Hinc
489 2513 662 2606 meritos,
680 2509 801 2607 dices,
818 2515 962 2590 meritis
979 2527 1149 2590 constare
1165 2515 1400 2614 triumphos,

474 2620 744 2717 virtutemque
762 2645 831 2694 suo
848 2622 920 2697 rite
937 2624 1065 2696 sedere
1082 2619 1175 2696 loco.
1285 2629 1302 2680 Ἀ

374 2727 494 2819 Hinc,
511 2727 692 2823 quidnam
710 2719 854 2802 fuerint
870 2729 1039 2803 saturnia
1055 2740 1244 2828 tempora,
1262 2729 1401 2822 disces,
1490 2751 1492 2758 ·

476 2833 752 2934 Tempora'non
768 2835 848 2908 ullo
862 2860 942 2909 non
958 2837 1200 2910 memoranda
1218 2835 1290 2909 die.
1331 2910 1333 2914 s

371 2943 446 3018 Per
462 2965 556 3038 quas
573 2941 788 3041 praesuleae
804 2940 958 3017 11111111
976 2940 1125 3018 fulserit
1142 2954 1305 3034 astrum,

473 3048 572 3124 Hinc
588 3048 716 3123 veniet
732 3047 862 3123 faciles
880 3047 1043 3149 impetus
1060 3047 1114 3123 ire
1131 3047 1224 3123 vias.

370 3155 466 3248 Hie,
483 3154 580 3230 mihi
598 3156 718 3247 crude,
735 3153 846 3230 favor
861 3180 1040 3255 superum
1057 3167 1131 3230 est:
1149 3180 1243 3259 age,
1262 3156 1370 3231 mitte
1389 3157 1574 3250 timorem,

473 3260 550 3337 Nec
567 3267 671 3336 iuvet
687 3262 858 3339 adflictas
875 3286 1167 3338 commemorare
1184 3262 1296 3357 viceq.

368 3368 475 3459 Quae
493 3367 565 3442 tibi
581 3369 641 3443 vis
658 3368 791 3443 Martis
807 3362 1004 3443 lacrimoso
1021 3368 1162 3444 fixerat
1179 3394 1295 3461 ausu,

473 3473 523 3550 Et
540 3500 636 3571 quae
654 3475 817 3551 Vulcani
834 3476 995 3574 vulnera
1011 3500 1125 3550 saeva
1143 3475 1267 3573 furor3

369 3580 552 3656 Proxima
568 3606 739 3677 quaeque
757 3581 838 3656 dies
854 3583 979 3657 subito
997 3582 1144 3657 coitura
1160 3580 1325 3658 uidebit:

473 3686 549 3762 Nec
566 3686 697 3788 positis
714 3690 873 3765 deerunt
890 3713 1015 3763 annua
1033 3689 1113 3765 liba
1131 3687 1231 3763 focis.
1273 3712 1276 3716 ·

321 3865 324 3868 .
370 3793 508 3897 Surget
524 3793 643 3869 honos
658 3792 735 3869 aris
743 3794 901 3892 ','siquas
917 3807 1154 3895 postraverat
1171 3806 1293 3887 aetas,

473 3899 521 3976 Et
537 3900 657 4001 pietas
673 3901 750 3976 late
766 3902 889 4002 prisca
905 3901 1044 3977 redibit
1061 3926 1189 3977 ovans.
1317 3960 1319 3964 .
1438 3914 1441 3921 “

369 4005 529 4108 Frigora
545 4006 742 4083 mitescent
758 4008 894 4083 animis
909 4008 1066 4083 inimica
1077 4009 1217 4101 saluti,

474 4117 597 4211 Atque
615 4114 682 4189 diu
698 4116 875 4191 adversos
892 4126 1049 4191 mutuus
1066 4128 1150 4191 uret
1168 4140 1283 4190 amor.

369 4220 523 4296 Artibus
540 4221 715 4321 ingenuis
733 4246 802 4296 sua
818 4222 934 4296 stabit
951 4222 1098 4322 gratia,
1114 4224 1243 4298 tendet

472 4327 622 4403 Laetior
638 4340 677 4402 11
693 4353 817 4402 ramos
835 4329 965 4407 laurus
983 4330 1099 4403 odora
1116 4354 1213 4403 suos.

368 4432 426 4508 Tu
444 4460 612 4530 quoque,
630 4433 696 4529 qui
713 4434 838 4509 dubiis
857 4435 1019 4510 iactatus
1036 4436 1216 4510 fluctibus
1234 4460 1355 4526 erran,

472 4539 593 4631 Quem
610 4540 720 4615 lavor
736 4553 774 4615 et
792 4542 892 4616 bona
909 4567 992 4641 spes
1010 4542 1312 4642 prosperitasque
1330 4540 1450 4640 fugit3

367 4646 500 4748 Erige,
517 4648 571 4721 nil
589 4647 785 4740 dubitanS,
803 4648 970 4740 animoS,
988 4659 1025 4723 et
1042 4650 1183 4749 respice
1203 4650 1328 4741 sidua,

471 4752 581 4844 Quod
598 4752 670 4827 tibi
687 4754 851 4854 propitio
869 4754 994 4854 fulget
1013 4758 1061 4829 ab
1080 4780 1153 4829 axe
1171 4780 1323 4830 novum.

368 4860 522 4936 Praesul
540 4859 571 4934 is
589 4874 666 4953 est,
683 4863 800 4936 Albae
820 4861 897 4935 iam
914 4886 989 4934 non
1006 4886 1128 4936 novus
1146 4861 1291 4955 incola,
1309 4859 1466 4961 posthac

472 4967 539 5041 llle
557 4968 633 5041 suis
651 4968 758 5042 rutili
777 4967 908 5041 sideris
926 4966 1043 5041 instar
1061 4969 1143 5042 erit.
