4084 6000
1021 637 1071 712 28

466 856 614 932 Mature
633 850 735 930 cadit
751 849 805 943 is,
822 849 910 927 licet
926 850 1008 949 ipso
1026 850 1180 928 Nestore
1198 852 1337 946 maior,

573 962 669 1038 Cum
686 957 853 1033 lacrimis
868 958 972 1034 cives
990 984 1104 1056 quem
1123 959 1301 1036 cecidisse
1314 961 1456 1036 *dolente
1493 1001 1495 1006 ·

469 1065 544 1145 Nos
562 1070 637 1144 cito
655 1080 714 1161 te,
730 1066 983 1166 princeps,
1000 1068 1105 1142 coelo
1124 1067 1320 1143 accessisse
1339 1068 1528 1144 dolemus:
1620 1094 1641 1109 ··

571 1176 619 1253 Es
637 1176 727 1272 quic
744 1173 879 1249 vixisti
897 1172 970 1250 vix
988 1177 1065 1251 duo
1083 1175 1203 1273 lustro
1219 1185 1344 1273 tener3

466 1282 514 1359 Ee
532 1283 626 1380 quie
644 1283 753 1360 dulce
772 1279 848 1355 fuit
864 1306 994 1357 rorum
1011 1280 1152 1358 vidisse
1169 1281 1364 1383 vigorem,

573 1393 648 1466 Per
664 1400 732 1464 tue
749 1387 815 1483 qui
834 1389 949 1463 fluxit
966 1400 1120 1489 pectore
1138 1397 1279 1488 perque
1298 1413 1435 1490 genes3

467 1497 515 1572 Et
534 1498 682 1593 quiete
700 1494 817 1597 petris
835 1495 1097 1592 maioiumque
1116 1497 1195 1571 elia
1212 1499 1417 1572 manebant

573 1599 710 1704 Signa,
729 1603 836 1676 novis
855 1603 1000 1677 meritis
1019 1606 1301 1679 condecoranda
1318 1604 1405 1679 tuis.
1466 1653 1469 1656 -

467 1710 568 1802 Ques
587 1737 662 1785 non
680 1735 763 1810 spes
783 1709 906 1784 animi
917 1713 1022 1786 dotes
1042 1722 1080 1800 et
1098 1711 1222 1813 gretia
1240 1712 1417 1813 linguae,

571 1817 673 1909 Quas
692 1844 768 1892 non
785 1818 835 1892 et'
840 1819 989 1917 generis
1007 1817 1110 1893 fama
1129 1822 1317 1915 decusque
1336 1818 1458 1893 dediti

466 1926 595 2001 Patrio
614 1927 716 2020 quod
733 1924 866 2026 magni
884 1929 987 2020 quod
1004 1926 1209 2026 promisere
1228 1936 1401 2025 parentes

571 2033 626 2107 De
644 2044 702 2125 te,
720 2057 825 2124 cere,
843 2032 916 2107 sibi
933 2035 1043 2110 fluxe
1063 2031 1176 2108 fuisse
1195 2044 1364 2134 gemunt.
1490 2067 1492 2076 ,

466 2139 574 2214 Ferte
591 2163 698 2214 rosas
707 2140 820 2239 :pueri
831 2149 898 2232 ,et
912 2138 1131 2242 fragrantis
1148 2141 1286 2216 nectite
1305 2149 1425 2253 serie,
1484 2152 1501 2190 ·¹
1593 2177 1596 2188 ·
1620 2161 1625 2194 ¹

571 2246 732 2322 Exuviis
750 2248 906 2325 venient
924 2248 1052 2323 debita
1071 2247 1270 2347 dona-piis.
1395 2285 1397 2292 >
1449 2255 1453 2264 '
1515 2275 1518 2282 ·
