4084 6000
927 614 1001 690 221

538 828 642 922 Quid
658 853 794 932 graves
815 855 958 924 morer,
975 829 1204 927 niveumque
1222 842 1374 929 pectus,

539 937 647 1012 Dona
665 936 759 1034 quid
775 935 929 1039 linguae
948 962 1153 1013 memorem
1171 937 1359 1014 disertae?

541 1044 574 1123 Ο
593 1045 704 1121 simul
722 1043 859 1139 musiS,
878 1057 915 1121 et
933 1045 1051 1121 amiee
1069 1045 1168 1121 iusto

962 1153 1093 1230 Carole
1111 1153 1236 1228 Marti.

539 1259 629 1355 Eia,
648 1285 724 1358 quo
741 1262 865 1336 virtus
883 1273 951 1337 tua
969 1272 1007 1337 te
1026 1262 1217 1337 volentem
1307 1281 1311 1290 ·

540 1368 696 1463 Incitat,
716 1365 822 1444 sortis
841 1393 1015 1467 sequere3
1035 1378 1073 1442 et
1089 1370 1231 1469 priores

539 1476 734 1554 Laudibus
753 1478 883 1552 laudes
902 1476 1075 1570 cumula,
1094 1477 1298 1577 triumphis

963 1583 1069 1660 Adde
1087 1585 1322 1685 triumphos!

849 2160 963 2242 ode
989 2157 1078 2243 vl.
1277 2243 1281 2252 ,
1516 2267 1521 2274 .

333 2413 334 2418 Ν
352 2335 495 2409 Nieeluo
513 2337 733 2412 Satantoates
747 2361 770 2411 e
788 2341 918 2416 Satoris
936 2343 1009 2413 Piis
1026 2345 1075 2414 ud
1090 2345 1178 2414 diem
1201 2343 1236 2412 6.
1254 2343 1435 2414 deveneris
1458 2341 1567 2415 1831.

540 2517 595 2630 ite
613 2552 795 2652 pallentes
812 2554 945 2654 procul
964 2553 1016 2630 ite
1034 2553 1165 2630 eurael

538 2660 626 2736 Lux
644 2661 760 2736 micat
777 2662 877 2737 laeto
896 2663 1120 2738 celebrande
1138 2663 1300 2762 plectro:

540 2767 709 2869 Inerepet
728 2768 888 2846 chordas
907 2770 1047 2871 pietat,
1066 2781 1251 2872 regatque

971 2878 1102 2956 Gratia
1118 2877 1270 2978 triplex.

539 2983 607 3059 llla
626 2987 697 3062 sub
714 2983 821 3061 fibris
839 2984 992 3062 latitans
1010 2985 1149 3086 pioque

533 3093 692 3195 ,iugulo
712 3093 835 3169 eordis
854 3094 926 3169 sibi
944 3094 1026 3169 iure
1044 3092 1186 3193 primas

540 3200 738 3300 Vindicat3
757 3202 860 3278 coelo
880 3202 970 3299 quia
987 3227 1089 3277 nexa
1105 3201 1161 3277 nil
1178 3226 1275 3277 mor·

961 3310 1226 3385 tale-reflectit.

540 3415 640 3492 Hine
658 3414 764 3492 nives
783 3443 932 3494 morum
951 3417 1171 3514 sociumque
1188 3418 1282 3493 recti

541 3524 709 3625 Agmen,
727 3537 765 3601 et
783 3528 924 3602 eander
941 3525 1139 3626 copulatus
1157 3550 1299 3623 aequo,

540 3630 589 3706 Et
605 3630 700 3708 fides
718 3644 757 3709 et
775 3632 833 3709 fas
852 3644 890 3709 et
908 3632 1030 3710 amica
1047 3633 1131 3732 paci

960 3739 1059 3815 Nata
1075 3741 1262 3817 voluutas.

541 3844 643 3921 Haee
662 3850 792 3922 sedens
812 3846 928 3922 labris
946 3847 1170 3948 placidoque
1188 3850 1301 3922 vultu

541 3954 660 4029 Paroa
678 3978 912 4030 sermonum:
931 3955 1099 4030 sedenim
1118 3955 1282 4048 silenda,

541 4059 658 4139 Fama
676 4062 708 4137 si
724 4072 855 4163 poscat
872 4073 1042 4139 metuens
1061 4060 1185 4155 feriri,

962 4170 1092 4267 Usque
1111 4169 1260 4244 diserta.

541 4276 743 4353 Consulis?
762 4279 899 4352 fluetus
918 4278 1054 4354 dubios
1073 4276 1235 4379 fugabit.

541 4385 760 4461 Provoeas?
777 4386 907 4461 laudes
925 4386 1078 4461 meritas
1097 4410 1235 4488 negare

541 4492 671 4597 Cauta.
689 4492 909 4568 Doctrinam
928 4494 1027 4594 sapit
1045 4492 1236 4568 efficacem

446 4608 449 4612 ’
714 4616 716 4620 ’
964 4602 1114 4677 Socrate
1133 4612 1302 4703 turgere.

541 4707 659 4783 Alteri
677 4706 717 4784 in
736 4704 847 4783 saetis
865 4708 1050 4811 gravibus
1067 4708 1232 4784 moranti

490 4850 493 4854 ⁴
541 4814 652 4891 Musa
670 4841 767 4913 quae
785 4816 920 4917 dignas
939 4841 1140 4916 properare
1157 4817 1284 4891 lauros

544 4923 723 5000 Audeat?
743 4925 894 5021 quando
913 4922 1007 4999 haee
1025 4922 1097 4998 sibi
1114 4921 1274 5024 pulchra
1291 4921 1435 4996 dudum

967 5030 1075 5106 Serta
1090 5028 1249 5129 paravit.
